3292 5342
112 786 285 857 neofitus
307 786 395 856 rudis
418 783 554 856 novellis

112 896 316 965 neomenia
338 901 370 964 et
391 915 473 963 nova
495 894 572 963 luna
596 902 628 962 et
650 893 804 963 kalendae

338 1024 445 1071 mene
467 1004 550 1088 opud
567 1023 679 1088 grecos
703 1002 778 1070 luna
794 1000 911 1069 dicitur
933 1000 1007 1070 ideo
1030 1002 1232 1072 neomenia

339 1131 421 1178 nova
443 1112 517 1177 luna
540 1110 654 1180 dicitur

110 1239 209 1303 nepa
232 1217 373 1302 scorpius
396 1217 449 1303 qui
472 1224 563 1285 natos
586 1219 743 1285 consumit
772 1218 827 1285 sed
860 1240 940 1284 unus
964 1216 1058 1285 dorso
1086 1218 1153 1286 eius
1176 1216 1231 1285 ad·

179 1346 183 1351 ·
233 1333 321 1392 aeret
343 1325 397 1411 qui
420 1317 585 1409 parentem
608 1326 723 1392 iterum
746 1326 903 1393 consumit
926 1324 1008 1392 unde
1034 1330 1065 1392 et
1085 1324 1230 1392 hominos

234 1431 290 1517 qui
313 1438 481 1516 parentum
504 1436 589 1501 bona
621 1431 811 1501 luxuriando
849 1438 1038 1501 consumunt
1071 1436 1230 1517 nepotes

236 1546 389 1605 vocantur

110 1647 196 1713 neti
219 1645 303 1712 renti

2 1762 3 1807 i
110 1773 180 1820 nec
202 1752 267 1821 noli
290 1773 411 1837 neque
435 1774 475 1820 ns
497 1775 537 1822 ne
561 1755 611 1823 vel
633 1776 697 1822 non

110 1882 246 1928 novum
269 1860 395 1928 macula

110 1970 263 2035 neuteri
287 1966 361 2033 libri
384 1971 459 2035 novi
481 1969 530 2034 vel
553 1974 694 2036 recentes

111 2094 207 2141 nexa
230 2078 340 2160 iugata
363 2075 495 2159 inligata

111 2183 270 2248 niburus
293 2181 476 2267 splendidus

107 2288 270 2356 nihilum
294 2290 506 2376 compositum
528 2295 576 2357 est
600 2313 639 2357 ex
662 2289 707 2359 nil
731 2296 762 2358 ot
784 2287 874 2357 illum

111 2397 227 2463 nidor
250 2400 331 2465 odor
353 2397 403 2464 vol
427 2397 560 2465 odorum
584 2398 682 2464 virtus

2 2524 3 2595 l
111 2504 230 2572 nimbi
252 2506 376 2590 pluviae
401 2509 483 2574 venti
506 2506 648 2573 tonitrua
670 2509 875 2589 tempestates

112 2717 265 2806 oboipit
287 2720 398 2806 incipit

113 2827 259 2896 oboulit
281 2828 450 2896 abscondit

1 3014 2 3033 χ
111 2938 225 3005 obdct
248 2936 344 3006 obicit
366 2934 507 3021 suggerit

112 3043 304 3111 obductus
327 3043 454 3112 clausus
478 3047 607 3129 opertus

1 3236 2 3247 ἵ
113 3153 299 3220 obduccio
323 3151 488 3237 oppressio

112 3265 225 3328 obesa
247 3282 356 3329 crassa
376 3260 501 3345 pinguis

1 3436 2 3443 χ
113 3369 257 3442 obicem
287 3369 523 3455 opposicionem

113 3478 411 3563 obices-repagulo
433 3476 526 3546 balbe
550 3475 585 3559 (i.
609 3496 637 3543 e.
661 3474 786 3561 vulvae)
896 3525 898 3530 .

113 3585 229 3654 obicit
251 3586 382 3672 opponit
409 3584 590 3670 praetendit

113 3696 282 3779 objecta-t
305 3693 436 3777 opponit
459 3691 556 3760 obicit

113 3803 287 3871 oblustro
310 3804 466 3869 circumeo

113 3908 290 3977 obtinere
312 3907 461 3975 resistere

114 4016 302 4086 obnititur
325 4015 450 4084 obsistit
473 4013 608 4083 rebellat

111 4125 277 4193 obnixus
299 4129 356 4191 aut
376 4122 505 4190 humilis
527 4130 583 4191 aut
606 4119 764 4208 obligatos

110 4231 246 4300 obnuit
268 4230 372 4316 operit
394 4223 516 4315 obtegit

113 4338 268 4408 obilicio
293 4337 409 4409 oblivio
