3292 5342
121 782 228 843 astus
251 775 373 844 astucia
395 775 482 844 fraus
507 776 555 845 rel
582 777 704 847 astucia

119 885 222 953 atavi
245 885 368 969 antiqui

117 991 268 1057 athleta
290 992 429 1060 luctator
451 991 500 1057 vel
521 996 679 1078 pugnator

116 1100 312 1165 atrociter
334 1098 504 1166 crudeliter

116 1225 258 1292 anceps
279 1213 427 1292 acceptor
449 1211 649 1304 captaturum
675 1209 836 1293 (captator
858 1205 997 1293 ariumi)

116 1416 312 1486 Bacillum
336 1422 482 1489 esurium

115 1526 271 1594 badium
294 1547 409 1611 equum

115 1638 231 1701 haser
253 1635 385 1719 agrestn

114 1739 266 1808 bardus
289 1742 405 1809 stultus
432 1765 435 1770 ’

115 1848 331 1916 bascaudas
354 1870 466 1918 concas
490 1869 579 1917 ereas

115 1957 286 2023 basileus
308 1978 374 2039 rex,
399 1955 471 2024 inde
494 1962 526 2023 et
553 1954 717 2024 basilica

114 2062 263 2129 basilea
285 2061 467 2129 basilissa
489 2083 546 2129 seu
567 2059 708 2130 basilla
730 2065 839 2149 regina
862 2061 976 2131 dicitur

115 2168 292 2238 batillum
316 2169 497 2236 turabulum
885 2163 887 2168 ’

116 2281 295 2343 batenum
318 2296 409 2360 grece
431 2275 529 2343 linum
553 2275 668 2344 dicitur

116 2382 247 2450 bathin
270 2381 429 2451 feminalia

120 2496 231 2560 batus
254 2489 366 2559 anfora
386 2492 437 2559 vel
458 2497 597 2558 metreta

118 2605 290 2668 baubant
313 2599 431 2667 latrant

114 2707 242 2776 baxea
264 2707 460 2775 calciamenti
483 2727 583 2791 genus
614 2707 699 2791 quod
722 2712 754 2775 et
775 2711 940 2774 coturnum
964 2706 1080 2776 dicitur

115 2819 231 2882 beare
251 2812 438 2882 benedicere
459 2814 509 2880 val
531 2814 711 2881 beatificare

114 2921 287 2988 beatitas
309 2919 472 2988 beatitudo

114 3027 221 3096 bella
243 3027 343 3096 cient
366 3027 450 3096 bella
476 3033 602 3095 movent

113 3136 339 3204 baselum'et
362 3135 522 3202 faselum
546 3157 641 3202 mum
665 3141 727 3217 est;
752 3155 849 3218 genus
872 3137 956 3204 enim
977 3136 1093 3223 navigii
1116 3142 1164 3205 est

113 3241 310 3311 batamcla
331 3246 410 3308 bene
432 3240 591 3325 linguatus
615 3241 762 3327 eloquens

113 3351 307 3417 bombices
330 3368 453 3416 vermes
475 3347 557 3414 unde
580 3348 715 3416 sericum
737 3348 775 3415 fit
800 3346 834 3414 in
856 3367 973 3415 aranea

112 3455 274 3525 bombus
297 3475 393 3521 sonus

112 3564 250 3658 boetes
270 3560 363 3628 stella
386 3563 435 3629 vel
458 3581 609 3628 veranum

6 3735 7 3754 a
113 3677 255 3740 boreas
288 3677 398 3737 uentus
420 3668 527 3755 aquilo

6 3759 7 3770 ἵ
112 3779 282 3848 brachea
310 3776 344 3860 (i.
369 3798 395 3845 e.
420 3775 590 3862 bractea)
614 3776 684 3845 auri
705 3776 809 3844 tenuis
832 3775 951 3846 lamina

113 3894 248 3956 bratea
268 3905 350 3951 auro
369 3884 484 3954 similis
508 3885 564 3954 sed
584 3907 650 3953 nnn
672 3905 779 3953 verum
802 3905 916 3954 aurum

113 3999 245 4063 bruma
269 3998 392 4078 tempus
414 3992 527 4058 hiemis
550 3992 599 4060 val
621 3994 725 4078 gelum

112 4101 300 4173 bubulcus
313 4092 433 4186 ‘pastor
455 4100 552 4169 boum

111 4211 253 4279 bucida
276 4208 331 4293 qui
353 4205 452 4275 bobes
474 4207 577 4276 caedit

112 4318 251 4389 bucina
271 4315 348 4386 tuba
