3292 5342
131 795 323 863 conubium
348 794 585 864 matrimonium
609 790 787 877 coniugium

128 923 293 969 convexo
316 909 458 968 extremo
480 902 539 969 celi
562 902 611 967 vel
635 899 783 966 inclinata

126 1029 332 1076 convexum
358 1009 472 1077 dicitur
495 1008 527 1074 in
550 1010 681 1075 modum
704 1007 812 1075 circuli
841 1006 957 1072 flexum

104 1109 351 1184 'convectant
374 1123 564 1203 conportent

126 1225 303 1291 conculco
327 1246 435 1293 eversa
464 1225 608 1291 radicato

126 1352 262 1397 conum
285 1352 407 1400 summa
429 1354 504 1418 pers
526 1330 618 1417 galee
641 1330 689 1398 vel
713 1334 806 1396 acuto
828 1333 901 1396 rote
923 1327 1040 1396 incitus

126 1439 280 1506 coraula
303 1448 449 1507 cantator

129 1545 235 1610 cordi
257 1550 312 1610 est
333 1545 437 1629 placet
461 1545 599 1613 delectet
621 1551 748 1629 gratum
772 1548 820 1609 cet

128 1650 290 1719 corillus
313 1651 410 1719 orbor
433 1674 527 1719 nuces
551 1652 696 1719 abelleno

127 1760 306 1826 cornicen
330 1761 383 1845 qui
406 1760 439 1825 in
462 1781 559 1828 cornu
582 1760 666 1827 canit

127 1887 215 1952 cops
239 1867 331 1954 copie

126 1996 261 2058 copsue
283 1973 432 2059 copiosos

127 2080 298 2165 cornipes
322 2103 421 2167 equus

126 2208 262 2255 coruos
285 2190 403 2273 species
430 2187 554 2256 arboris

129 2315 270 2379 corpus
294 2297 412 2361 dictum
437 2316 475 2362 co
497 2294 584 2379 quod
607 2299 788 2378 corruptum
813 2297 923 2379 pereat

129 2422 215 2469 caro
240 2401 324 2468 dicto
348 2424 369 2469 c
391 2406 529 2470 carendo
553 2403 601 2468 vel
626 2401 767 2468 cadendo

128 2510 265 2578 cohors
290 2512 390 2575 muior
413 2517 578 2577 sexcentos
601 2509 686 2576 viros
708 2507 806 2575 habet

129 2618 262 2685 cohors
286 2617 388 2684 minor
410 2622 569 2684 trecentos

127 2724 226 2793 cossi
248 2745 369 2791 vermes
393 2724 426 2791 in
448 2723 534 2807 ligno
559 2724 612 2809 qui
635 2729 789 2791 tetereoec
800 2721 829 2808 ⁶)
851 2727 1005 2791 vocantur

129 2839 324 2901 crassatur
346 2832 429 2900 latro
451 2832 571 2918 praedo
602 2832 755 2918 spoliator

129 2962 285 3026 crepere
308 2940 405 3008 dubio
429 2947 485 3007 eut
507 2940 628 3007 incerto
651 2941 734 3007 unde
756 2945 789 3007 et
811 2937 1070 3025 crepusculum

129 3068 262 3135 crepos
284 3070 381 3116 sonos
403 3047 487 3115 idem
510 3055 541 3113 et
565 3048 735 3133 crepitus

130 3156 395 3239 crepusculum
418 3137 543 3220 inicium
567 3155 633 3221 sive
656 3155 718 3221 diei
742 3153 807 3220 sive
830 3154 932 3220 noctis

130 3270 257 3329 cretus
279 3268 463 3348 procreatus
487 3264 624 3330 crevit
648 3261 729 3330 vidit

129 3370 308 3436 cristatus
338 3368 481 3453 galeatus
534 3443 537 3451 Δ

130 3476 246 3543 criste
270 3477 408 3543 cassides

129 3585 270 3651 culeum
295 3605 422 3651 soccum

129 3689 269 3758 cultum
297 3690 417 3759 ebitum
440 3691 489 3758 vel
513 3696 658 3758 ornatum

130 3802 228 3866 cumi
252 3820 345 3884 surge

130 3910 343 3975 cunctando
367 3906 540 3975 dubitando
560 3906 611 3974 vel
634 3904 810 3973 differendo

131 4019 354 4082 cunctanter
378 4020 539 4081 morenter
562 4012 790 4098 pedetemptim

130 4128 324 4190 cutornum
347 4119 465 4190 iustum
488 4119 537 4188 vel
559 4121 761 4206 supercilium
789 4125 846 4186 cut
868 4117 1110 4186 calciamentum

201 4338 230 4406 ὃ)
239 4337 388 4393 teredones
396 4333 496 4408 Papiae
505 4334 706 4392 beilicncohel.
719 4334 781 4406 Vgl.
789 4332 1175 4407 dieceoworteuchuntcnp.
1183 4333 1244 4394 406.
1326 4353 1328 4356 ·

998 4423 1031 4490 2*
