3292 5342
434 619 473 686 10

430 813 634 882 conopeum
666 796 748 861 retia
785 814 850 879 qua
887 792 1000 860 culices
1039 792 1260 876 excluduntur,
1299 791 1474 878 stragulum
1498 790 1549 861 vel

672 899 870 985 supellectile

432 1027 612 1074 concrum
637 1007 865 1093 prophetarum

434 1123 655 1200 conpactum
689 1117 889 1182 coniunctum

434 1221 780 1307 conperendinacio
802 1222 1027 1289 recrastinacio
1051 1221 1100 1288 vel
1122 1222 1157 1289 iu
1181 1220 1308 1304 longum
1326 1220 1442 1289 dilacio

430 1328 647 1415 conpilavit
681 1329 791 1395 evertit
813 1328 938 1395 furatus
961 1335 1010 1395 eat
1033 1327 1243 1413 depopulatus
1266 1335 1314 1395 est
1334 1327 1384 1394 vel
1408 1332 1550 1395 vastatus

433 1438 586 1522 conpita
609 1444 681 1503 sunt
705 1436 757 1502 ubi
781 1444 953 1504 conventus
967 1437 1036 1504 fieri
1060 1436 1151 1520 solet,
1175 1437 1259 1504 idem
1283 1436 1486 1521 conpetcnoia
1509 1435 1551 1504 ad

611 1549 797 1611 conventum
820 1544 893 1611 loca
1321 1626 1324 1630 ¹

431 1651 594 1737 couplex
629 1650 745 1716 dicitur
767 1653 820 1734 qui
844 1672 940 1718 unum
953 1656 1117 1736 peccatum
1133 1649 1314 1737 complectit
1336 1649 1445 1732 alteri3
1469 1670 1552 1718 nuno

629 1758 768 1826 inbono
792 1759 925 1843 couplex
946 1780 1010 1825 non
1034 1758 1149 1826 dicitur

433 1862 667 1950 couplodere
702 1874 901 1949 repercutere
1393 1943 1395 1946 ¹

433 1971 778 2056 conposcoupletum
803 1973 996 2039 desiderium
1025 1970 1132 2041 oblate
1154 1971 1316 2040 felicitatis

434 2084 685 2166 conqueritur
708 2082 891 2180 querelatur

434 2194 668 2274 conquestus
692 2189 874 2273 querelatus
897 2187 945 2255 rel
969 2187 1109 2256 lucratus

433 2295 586 2364 conscia
610 2296 660 2364 vel
682 2297 855 2363 conscius
878 2296 968 2362 testis
992 2298 1107 2363 dicitur
1174 2310 1182 2328 ³

435 2425 668 2489 consequens
691 2410 738 2471 ost
760 2410 846 2473 recte
870 2412 919 2472 est
941 2404 1112 2471 verisimile
1137 2408 1194 2470 aut
1217 2404 1402 2471 conveniens

436 2511 708 2594 consequimur
734 2511 870 2596 pedibus
893 2510 1135 2598 adsequimur
1157 2511 1264 2578 stadio

438 2618 607 2686 conserit
630 2623 784 2686 connectit
806 2617 977 2703 conglobat

436 2731 651 2794 consertum
675 2727 875 2794 coniunctum
900 2735 1081 2796 contextum

435 2835 611 2900 consitus
634 2837 723 2901 locus
746 2832 913 2902 arboribus
936 2840 1026 2901 actus
1048 2831 1167 2918 (artus)
1190 2838 1222 2899 ot
1246 2831 1357 2917 plenus

434 2943 631 3027 conspirat
654 2941 798 3009 coniurat

437 3050 682 3135 conspiracio
705 3049 883 3118 coniuracio
907 3051 1073 3117 consencio

435 3156 604 3223 consulit
627 3154 789 3222 consilium
818 3158 897 3239 petit

436 3263 649 3332 consultum
674 3264 835 3331 consilium
865 3283 1054 3348 responsum

440 3372 615 3457 contagio
639 3372 857 3458 coinquinacio
880 3371 1009 3439 morbus

440 3485 682 3566 contemptor
705 3479 884 3546 divitiarum

441 3593 682 3673 contemptus
705 3607 762 3655 suo
784 3586 920 3654 libenter
942 3606 1017 3653 usus

438 3694 688 3762 conticinium
712 3693 872 3762 silencium
897 3700 969 3779 post
990 3692 1128 3778 primum
1153 3689 1228 3775 galli
1252 3694 1378 3757 cantum

364 3837 366 3840 ·
439 3801 570 3868 concio
595 3802 783 3870 convocacio
806 3801 857 3869 rel
879 3799 1024 3868 conlocio
1048 3797 1282 3883 (conlocutiol)
1305 3796 1416 3882 populi

440 3910 702 3979 concionarius
724 3910 779 3995 qui
804 3908 955 3994 populum
979 3906 1164 3993 adloquitur
1179 3907 1263 3974 idem
1286 3913 1318 3973 et
1333 3906 1538 3973 concionator

443 4022 664 4085 contractus
688 4015 834 4083 vendicio
856 4016 906 4083 vel
931 4016 1066 4101 placitus

442 4123 638 4190 contraxit
660 4122 862 4209 congregavit

441 4229 674 4298 contribulus
702 4251 741 4296 ex
765 4231 875 4298 eadem
898 4229 984 4298 tribu

443 4340 676 4412 contumacia
699 4339 850 4428 superbia
