3292 5342
162 818 355 887 existentia
379 817 483 903 posito
510 816 664 885 instancia

160 924 329 1011 exsola(t)
354 931 444 990 extro
467 926 566 992 solum
591 924 667 991 iacit

158 1040 340 1100 exsortem
367 1034 546 1099 alienumo
574 1038 660 1099 sorte

157 1141 260 1208 exsul
283 1148 372 1208 extre
395 1139 497 1209 solum
513 1142 630 1225 ejectus

156 1254 240 1316 exta
263 1246 360 1314 fibras
383 1268 531 1332 pecorum
554 1245 703 1313 intestino
726 1250 761 1313 ut
783 1244 855 1312 illut
864 1244 891 1330 ⁷)
924 1244 1087 1329 „lancibus
1110 1248 1144 1313 et
1165 1243 1269 1313 fundis

258 1354 418 1421 sumoneia
439 1353 602 1421 reddimus
626 1355 718 1419 exte“

156 1461 347 1547 extemplo
371 1469 502 1546 repente
525 1452 628 1530 subite
652 1459 737 1528 illico

156 1569 334 1635 extimuit
357 1568 525 1635 extremuit

155 1675 344 1742 extinctor
369 1674 490 1741 occisor
511 1672 693 1741 interfector

156 1781 320 1849 extorris
345 1788 435 1848 extre
457 1802 548 1847 suam
570 1787 690 1847 terrem
712 1779 814 1849 factus

156 1889 350 1975 extinspex
374 1888 427 1973 qui
451 1894 525 1955 exta
547 1888 674 1974 inspicit

156 2004 284 2064 extrea
306 1997 453 2062 exortiva

43 2103 44 2134 ¹
156 2108 338 2171 exuberat
361 2107 461 2169 tumet
485 2106 572 2169 extat

40 2291 41 2312 Χ
157 2214 359 2279 extuderat
383 2209 523 2277 studiose
544 2208 663 2276 fecerat

40 2317 41 2320 ’
156 2325 307 2386 exustus
329 2318 421 2386 valde
445 2325 552 2400 ustus;
591 2339 634 2384 ex
656 2320 706 2385 hic
728 2338 787 2403 pro
809 2317 902 2385 valde
934 2316 1072 2403 ponitur,
1111 2317 1192 2384 sicut
1214 2337 1270 2384 ex·

325 2425 452 2493 ‘celsus
475 2421 534 2511 pro
556 2423 648 2493 valde
670 2427 770 2491 celsus
1318 2411 1321 2416 ¹

154 2653 309 2723 Fabens
333 2656 531 2724 consenciens
554 2663 702 2743 prestans

159 2764 260 2830 tabet
282 2771 404 2848 prestet
426 2766 644 2832 accommodet

155 2868 265 2937 saber
288 2872 392 2956 gratio

156 2975 261 3043 inbre
284 2977 444 3058 ingeniose
468 2976 549 3043 dicte
573 2976 715 3063 (dcetei)

155 3082 422 3151 fabrefactum
448 3091 558 3151 ornate
585 3085 794 3169 compositum

156 3194 285 3259 fabulo
309 3192 363 3277 qui
387 3192 486 3258 multa
509 3193 648 3276 loquitur
671 3191 721 3259 vel
745 3192 798 3276 qui
820 3190 945 3258 fabulas
969 3190 1130 3277 componit

157 3300 314 3368 facessit
337 3298 408 3384 plus
430 3299 508 3367 facit
530 3300 580 3366 vel
603 3302 786 3386 frequenter

155 3406 284 3474 faceta
307 3410 406 3488 gratis
428 3408 573 3475 amabilis

156 3516 301 3582 facetus
324 3517 463 3581 urbanos
486 3514 723 3599 eloquenst
659 3517 761 3583 laetus

157 3622 270 3686 tacet
243 3629 320 3687 tros
343 3621 430 3686 locus
455 3619 529 3704 (leg
552 3623 654 3708 iocos)
858 3697 860 3701 Α

156 3728 256 3794 facet
243 3733 302 3793 tus
326 3727 436 3794 locis
427 3730 506 3810 rogis
530 3728 636 3813 (1ng
627 3731 704 3797 locis
729 3731 877 3797 ludis..
903 3730 925 3817 .)

156 3835 275 3901 iacies
300 3836 384 3902 dicto
411 3834 452 3901 ab
475 3836 577 3921 effigie
606 3846 636 3904 et
660 3860 680 3904 c
701 3841 804 3923 figure
1049 3826 1052 3832 ¹

156 3941 303 4007 facinus
328 3939 429 4007 scelus
453 3949 484 4007 et
506 3941 665 4029 flagicium

155 4047 277 4115 saceio
300 4047 478 4119 coniuraoio

226 4371 256 4441 7)
274 4370 376 4443 Virgil.
396 4368 498 4443 Georg.
517 4372 542 4427 2.
563 4373 624 4428 194:
641 4370 768 4429 lancibus
788 4375 817 4428 et
834 4371 935 4444 pondis
952 4371 1021 4429 tum.
1046 4373 1124 4430 redi
1145 4375 1218 4429 extr.
