3292 5342
411 528 455 648 'n

412 760 607 828 mavorcia
627 781 689 827 ros
713 782 795 845 quae
817 762 903 848 apud
927 783 969 829 no
993 762 1232 848 (adpugnnmt)
1255 766 1414 848 pertinent
1436 764 1531 833 aliter

690 877 867 937 mauorte
891 872 1121 954 operimentum
1147 879 1196 938 est

412 974 609 1041 mausolea
632 977 778 1061 sepulcro
800 976 849 1042 vel
873 985 1074 1045 monumenta
1098 998 1208 1059 regum
1232 1001 1252 1046 a
1274 978 1418 1046 mausolo
1456 998 1531 1063 rege

629 1084 822 1169 egipciorum
846 1084 930 1151 dictu
1031 1158 1034 1166 ,

336 1185 339 1192 ’
412 1194 582 1255 meantes
605 1190 803 1258 ambulantes

412 1304 512 1362 meat
535 1296 644 1363 defluit
669 1305 777 1365 manat
805 1299 946 1365 decurrit

412 1403 508 1468 medi
516 1425 585 1486 gna
608 1427 756 1473 mensura
780 1408 920 1492 quinquo
943 1407 1123 1473 modiorum
1149 1405 1233 1473 dicta
1256 1406 1402 1491 medigna
1423 1407 1457 1474 id
1480 1414 1531 1475 est

417 1585 426 1606 ἱ
607 1534 625 1579 a
649 1512 779 1579 denario
802 1508 942 1599 perfecto
965 1535 1099 1580 numero
1121 1512 1252 1580 dimidio

412 1618 673 1685 meditullium
697 1621 819 1686 medius
844 1620 932 1687 locus
955 1625 995 1687 ab
1019 1620 1140 1705 aliquid
1163 1619 1345 1687 meditando
1369 1620 1472 1687 dictus

413 1732 633 1795 membrana
657 1749 849 1812 pergamena

413 1854 519 1900 mena
541 1835 631 1918 nigra

412 1942 548 2008 menda
571 1944 657 2009 fraus
681 1942 827 2027 decepcio

413 2070 546 2115 menne
571 2071 662 2133 grece
685 2052 760 2117 lunc
784 2049 857 2116 inde
880 2057 913 2117 et
936 2051 1076 2116 mensis
1099 2056 1228 2118 vocatur

412 2153 557 2223 merum
583 2179 698 2241 purum
723 2147 800 2223 nulli
825 2158 880 2224 alii
901 2158 947 2223 rei
971 2157 1104 2224 mixtum

412 2367 579 2457 Nabales
602 2372 708 2455 campi
733 2371 856 2439 culture
878 2372 976 2439 dediti

416 2484 622 2548 nanciscor
646 2480 804 2565 adipiscor
831 2479 1069 2547 nanciscitur
1091 2480 1276 2566 adipiscitur

414 2598 572 2657 nanctus
597 2597 780 2656 consecutus
803 2591 972 2675 ademptus

414 2697 539 2763 nando
563 2696 704 2764 nutando
727 2703 864 2768 nantes
892 2702 1038 2764 natantes

416 2812 530 2888 napta
553 2804 607 2869 elii
631 2805 737 2889 stippa
759 2804 813 2870 alii
840 2826 913 2872 ossa
937 2802 1089 2871 olivarum
1113 2823 1184 2870 eum
1206 2824 1335 2872 amurca

415 2918 482 2976 nat
505 2917 595 2978 natat
617 2919 729 2979 navat
752 2918 884 2979 natarat
907 2933 1021 2978 narro
1043 2918 1156 2977 natare

415 3040 554 3086 marcus
576 3020 664 3085 navis
687 3019 839 3101 magister
881 3079 884 3087 .

416 3128 549 3191 navita
572 3130 669 3189 nauta
691 3124 773 3190 idem
810 3130 841 3189 et
864 3144 1055 3190 nauarcus

416 3234 571 3315 naviger
594 3237 625 3297 et
648 3251 735 3296 more
759 3239 791 3297 et
813 3231 926 3297 fluvius

416 3341 570 3406 naviter
593 3338 728 3405 dulciter
750 3338 889 3405 studiose
912 3339 994 3406 forte
1016 3337 1189 3423 prudenter

416 3466 535 3514 navus
558 3446 651 3512 fortis
674 3444 786 3511 efficax
809 3445 899 3530 agilis
923 3445 1054 3528 vigilans
1077 3453 1223 3513 strenuus

416 3552 545 3619 nebris
569 3552 688 3618 corium
711 3551 794 3618 cervi

416 3661 562 3728 nebulo
584 3677 682 3725 venus
705 3661 859 3725 obscurus
882 3657 963 3724 latro
985 3657 1124 3726 mendax

415 3765 634 3832 neociccum
657 3764 735 3830 nihil
758 3784 873 3829 necne
894 3771 949 3829 ent
971 3786 1034 3830 non
1056 3785 1198 3831 necnon
1221 3763 1271 3830 vel
1292 3785 1357 3831 non

416 3860 688 3943 necromancia
710 3882 910 3941 mortuorum
935 3874 1110 3941 divinorum
1134 3876 1169 3959 (l.
1193 3873 1356 3959 divinatio)

416 3985 553 4051 nenias
592 3982 735 4049 carmine¹
772 3980 886 4048 senilia
923 3981 955 4047 et
985 3980 1135 4047 mortalis
1157 3980 1367 4047 deliramenta
1402 4000 1529 4050 carmen

591 4088 723 4156 funebre

416 4205 507 4267 nont
528 4200 617 4266 filant

417 4311 553 4375 nentes
575 4303 630 4373 fila
657 4309 839 4390 torquentes
