3292 5342
98 839 270 909 bidentes
298 862 372 909 ores

99 949 221 1016 bifera
243 951 379 1016 secunda
409 950 523 1017 coniux

96 1058 203 1139 bigas
228 1056 306 1124 duos
330 1079 428 1143 equos
453 1045 576 1128 iunctos

94 1168 213 1231 bucco
237 1165 350 1233 stultus
377 1165 522 1249 garrulus

94 1276 212 1339 bucca
236 1294 312 1339 vocs
337 1272 479 1339 iuvencis

95 1382 254 1447 burrum
276 1400 386 1446 aurum
412 1380 445 1447 id
469 1386 515 1448 est
537 1386 668 1449 rubrum
740 1372 742 1376 ’

94 1485 240 1553 borium
262 1486 366 1553 rufum
389 1486 422 1553 id
446 1494 495 1554 est
517 1489 640 1573 nigrum

94 1694 291 1765 Cabilatnr
322 1699 531 1767 calumniatur
553 1701 679 1769 mordet
703 1702 841 1772 detrahit

94 1806 283 1873 cabilacio
312 1806 470 1873 calumnia
495 1808 653 1875 detraccio

94 1918 187 1981 cabo
210 1912 382 1980 rabonus
405 1914 546 1981 caballus

95 2020 281 2088 caelicole
309 2020 441 2088 celestes

93 2126 295 2196 calamitas
318 2129 463 2211 egritudo
487 2129 614 2196 miseris

94 2235 435 2320 calcariasporonos
445 2236 784 2316 idom(ideo¹l)sicdioti
796 2237 870 2321 quis
879 2237 911 2304 in
921 2239 1063 2306 calcares
1074 2238 1212 2325 ligantur
1253 2279 1256 2283 ⁴

94 2342 265 2427 calce(m)
288 2345 382 2409 finem

93 2451 221 2517 calces
244 2471 264 2515 a
287 2442 368 2517 collo
392 2448 522 2535 (calici)
547 2450 662 2536 pedum
681 2451 763 2518 dicto

95 2556 193 2623 calix
217 2557 298 2640 lapis

92 2664 265 2732 calculus
289 2664 416 2750 lapillus

93 2771 309 2839 calculator
340 2792 360 2837 a
393 2771 521 2839 calculis
551 2770 669 2858 lapillis
699 2771 802 2840 dictus
841 2792 912 2838 cum
943 2771 1055 2856 quibus
1089 2773 1210 2859 antiqui

339 2884 586 2946 numerabantur

92 2986 283 3053 calculum
304 3006 468 3051 numerum
492 2986 616 3052 culmen
637 2984 688 3053 vel
710 3007 868 3053 summum

91 3092 264 3178 callebat
287 3092 419 3159 callidus
443 3101 513 3159 erat
538 3094 659 3178 peritus

91 3200 292 3267 calliditas
315 3202 435 3267 astucia
605 3210 608 3215 '

91 3311 216 3375 calleo
240 3309 306 3375 scio
330 3315 422 3375 teneo
444 3330 561 3393 gnarus
584 3331 652 3375 sum
675 3308 806 3394 cognovi
836 3308 931 3376 didici

90 3415 239 3482 callens
256 3415 387 3483 callidus
402 3418 520 3502 peritus
709 3412 712 3419 ’

89 3521 254 3589 calibem
279 3524 394 3588 ferrum

89 3628 261 3696 callidus
299 3635 330 3693 et
354 3635 497 3696 versutus
532 3635 564 3695 et
587 3630 685 3699 durus
709 3638 739 3698 et
762 3631 896 3699 mendax
919 3640 950 3697 et
972 3630 1151 3698 maliciosus
1174 3637 1208 3698 et

299 3733 426 3803 dolosus
450 3735 633 3818 intelligitur

89 3843 221 3927 caleps
244 3844 355 3910 fornax
379 3844 455 3909 ferri

91 3970 212 4035 capax
236 3951 371 4018 minores
394 3951 519 4035 capiens

91 4058 238 4143 capedo
264 4058 401 4125 studium
426 4078 503 4127 cura
526 4058 690 4144 vigilancia
718 4059 766 4127 rei
788 4060 942 4129 industria

91 4184 184 4250 cape
207 4164 315 4250 accipe

92 4292 254 4356 capesso
278 4273 458 4359 frequenter
473 4275 575 4360 capio,
600 4280 787 4344 estverbum
803 4277 940 4344 activum

93 4381 219 4466 capsis
243 4380 334 4465 galea
