3292 5342
368 646 409 711 36

367 822 456 891 salu
479 820 560 888 mari
583 822 706 890 salum
729 842 817 890 mare

367 929 498 997 saucit
522 929 631 996 statuit
654 927 821 995 confirmat
838 929 994 1015 judicium
1021 929 1098 997 facit

367 1038 524 1101 sancire
548 1033 737 1099 constituere
760 1032 899 1100 iudicare

368 1139 588 1225 sandapila
611 1142 759 1207 feretrum
783 1142 817 1205 in
840 1161 904 1226 quo
928 1138 1093 1208 deiunctae
1116 1141 1258 1210 defertur

367 1247 575 1315 saraballa
597 1247 649 1314 vel
672 1252 841 1314 sarabra
876 1248 1066 1315 vestimenta
1100 1256 1176 1317 sunt
1212 1256 1268 1317 aut
1294 1252 1407 1317 braeue
1429 1256 1486 1318 aut

600 1353 723 1421 tibialia
744 1355 829 1421 unde
851 1376 945 1422 crura
966 1362 1079 1437 tegunt
1101 1363 1158 1425 aut
1179 1359 1258 1426 tibia

368 1460 480 1529 sario
505 1461 707 1529 circumfodio
731 1462 832 1529 sarit
855 1462 972 1530 sarclat
994 1462 1075 1532 fodit

369 1574 502 1636 sartor
525 1576 674 1636 consutor
695 1573 830 1637 vestium

368 1682 524 1744 sartum
548 1677 750 1744 coniunctum
776 1683 941 1746 consutum

332 1775 337 1785 ’
367 1783 490 1852 satiri
524 1784 752 1851 homunciones
766 1793 850 1878 ,sunt
872 1783 1002 1853 adunds
1024 1784 1155 1853 naribus
1178 1803 1297 1851 cornua
1319 1786 1349 1849 in
1374 1783 1488 1851 fronti·

528 1896 586 1958 bus
610 1899 642 1958 et
672 1913 839 1977 caprarum
862 1891 996 1979 pedibus
1028 1890 1137 1975 quales
1165 1894 1199 1958 in
1229 1889 1399 1958 solitudine
1423 1892 1489 1956 An·

527 1996 631 2064 tonius
654 2009 780 2066 sanctus
804 2000 882 2066 vidit

368 2103 534 2173 satirici
572 2110 685 2191 poetae
720 2106 795 2173 dicti
826 2107 913 2193 quod
933 2105 1020 2192 pleni
1043 2110 1116 2175 snut
1138 2102 1284 2176 facundia
1306 2103 1373 2171 sive
1394 2123 1415 2169 a
1435 2099 1496 2172 sa·v

574 2213 704 2279 turitcte
729 2213 805 2279 dicti

369 2316 555 2386 sacioues
578 2319 803 2388 seminariones

369 2425 595 2492 sacionales
620 2446 711 2509 egros
734 2425 858 2510 (agros)
882 2425 1048 2492 seminales

370 2540 540 2617 satrape
563 2536 720 2618 sapientes
746 2542 778 2601 et
799 2532 931 2618 prefecti
959 2552 1122 2617 persarum

369 2645 492 2706 satum
531 2646 564 2705 et
595 2641 1056 2723 accinctumaccensum
1092 2645 1124 2705 et
1155 2658 1304 2706 mensura
1335 2657 1432 2704 unum
1454 2641 1486 2703 et

530 2746 692 2813 dimidium
717 2749 858 2817 modium
881 2748 1007 2834 capione

369 2857 491 2918 nabes
513 2873 608 2937 asper
632 2852 798 2921 scabrosae

370 2958 604 3027 saeabrones
631 2981 744 3047 vespae
802 3011 805 3017 .

372 3067 483 3133 scala
506 3068 690 3151 capulorum
715 3090 814 3153 genus
850 3089 890 3135 ex
913 3068 998 3151 ligno
1027 3070 1122 3134 facto.
1157 3066 1240 3150 greci
1263 3066 1346 3133 enim
1371 3064 1488 3149 lignum

508 3176 614 3244 scala
638 3177 744 3243 dicunt

371 3282 495 3349 scatit
519 3283 628 3349 ebullit

372 3394 570 3458 scaturrit
593 3396 721 3456 emanat
744 3390 842 3456 currit
864 3389 956 3455 bullit

372 3519 495 3566 scena
517 3498 614 3565 teatri
637 3473 725 3565 locus
748 3497 892 3563 inimicus

373 3628 497 3673 sceva
519 3606 647 3675 sinistra
670 3605 755 3672 mala
781 3610 889 3692 iniqua
911 3626 1063 3692 proverea

371 3733 512 3779 seevos
536 3734 650 3798 pravos
673 3714 776 3779 malou
798 3713 921 3796 iniquos

371 3820 454 3887 acii
458 3824 468 3886 i
506 3819 619 3888 calices
651 3820 748 3886 fialae
781 3826 913 3905 paterae
947 3820 1068 3904 regium
1108 3818 1254 3905 poculum
1288 3819 1410 3886 dicitur.
1456 3822 1487 3885 et

501 3927 629 3993 scitus
654 3946 717 4011 quo
741 3947 854 3992 manus
877 3926 1018 3993 lavamus

373 4032 497 4102 soille
521 4056 597 4104 saxa
619 4034 651 4098 in
676 4033 755 4100 mari
778 4035 915 4100 latcneia

373 4143 551 4228 scirpum
575 4140 744 4222 virgultum
767 4141 838 4207 sine
858 4140 947 4208 nudo
967 4147 1001 4208 et
1020 4141 1131 4208 macas
1153 4160 1290 4227 aquosus

374 4252 521 4319 scisma
544 4249 681 4316 scissura
704 4248 816 4315 divisio
840 4249 995 4316 dissencio

374 4360 499 4427 scitus
523 4357 632 4427 ductus
656 4354 796 4425 eruditus
