3292 5342
436 640 454 702 2

434 811 637 900 Aggagnla
659 837 757 885 uanus
779 817 953 886 fornicator

434 940 551 1007 agaso
575 922 764 992 domesticus

433 1032 608 1114 agitator
629 1035 815 1098 verberator
839 1036 880 1100 ab
905 1032 1030 1118 agando
1053 1032 1179 1118 dieitur,
1203 1035 1289 1102 idem
1311 1034 1422 1121 auriga

434 1136 577 1204 adlecti
602 1136 693 1203 eleoti

433 1246 580 1311 alectus
603 1246 752 1310 seductus

432 1351 615 1417 aliorsum
637 1350 734 1417 aliam
755 1351 788 1418 in
810 1357 935 1437 partem

433 1458 557 1542 alipes
579 1476 679 1543 aeque
701 1457 823 1526 veloces

433 1564 548 1634 alites
571 1566 714 1631 volueres
738 1566 821 1633 dioto
844 1566 935 1633 alites
959 1588 998 1633 eo
1023 1565 1108 1650 quod
1130 1567 1190 1634 alis
1213 1563 1279 1635 alta
1300 1573 1416 1653 petunt

433 1674 535 1742 altea
558 1672 665 1738 malva

433 1779 624 1848 alterator
645 1781 787 1849 variator

432 1887 629 1955 altiboans
651 1886 826 1956 altisonans

433 1993 666 2080 altriplioem
689 1994 867 2080 dupplicem
891 1995 1036 2062 dolosum

432 2103 535 2168 altor
558 2111 589 2168 et
612 2099 714 2168 utrior
737 2100 811 2187 (leg.
835 2102 988 2186 nutritor)

433 2207 553 2275 alitus
576 2215 608 2274 et
630 2209 768 2275 nutritus
790 2215 900 2294 pastus

433 2314 585 2383 alvaria
607 2315 655 2382 vel

432 2423 606 2490 alvearia
628 2445 705 2492 vasa
727 2423 834 2509 apium

433 2552 552 2598 amma
575 2531 642 2598 avis
665 2537 820 2597 nocturna

432 2639 608 2722 ambages
631 2639 781 2705 circuitus

433 2748 680 2830 ambagiosus
705 2746 877 2813 eiroulosus

434 2848 662 2920 ambiciosus
685 2856 841 2936 superbus
864 2873 902 2919 eo
927 2852 1011 2935 quod
1033 2852 1171 2920 honores
1195 2851 1314 2918 ambiat

433 2966 578 3027 artemo
601 2966 687 3027 temo
712 3010 719 3025 .
746 3008 753 3023 .
780 2960 884 3025 velum
908 2958 995 3026 navis

434 3064 569 3134 artaba
606 3083 704 3151 genus
734 3087 902 3133 mensurae
941 3069 1026 3151 syria
1060 3066 1167 3148 lingua
1190 3116 1232 3134 ..
1264 3062 1395 3132 artabae
1428 3064 1547 3133 iaciunt

606 3174 731 3241 modios
754 3175 792 3242 X.

433 3278 644 3365 aspidiscas
675 3282 806 3348 uncinos

433 3388 606 3455 adscitus
630 3391 803 3455 advocatus

428 3495 584 3563 'assecla
607 3495 746 3564 subiotus
770 3495 980 3581 (subiectusl)

432 3603 650 3670 assentarie
673 3602 833 3670 adollaeio
856 3601 889 3687 (i.
914 3624 941 3668 e.
965 3600 1122 3686 adulatio)

431 3710 589 3778 adsutus
612 3709 791 3776 luxuriosus

432 3818 534 3885 astui
556 3818 664 3903 potavi

432 3925 543 3995 assui
565 3926 752 3994 manducavi
775 3926 840 3995 sive

432 4034 638 4119 aspargine
660 4034 785 4118 asparsi

431 4148 583 4209 assotus
606 4140 786 4209 luxuriosus

431 4249 568 4317 asilum
592 4248 742 4317 tabanum
766 4249 832 4317 sive
853 4244 1004 4332 templum

431 4360 535 4430 assui
560 4366 592 4425 ot
613 4358 715 4426 astui
739 4357 952 4425 manducandi
975 4363 1006 4424 et
1028 4352 1160 4425 bibendi
