3292 5342
324 604 365 667 38

323 784 509 864 tempora
532 779 604 847 loca
628 784 700 848 vina
724 781 758 866 (l.
783 783 898 863 vicina)
922 785 1029 854 oculis.
1069 784 1232 869 Virgilius:
1263 787 1442 871 sanguineis

529 890 666 957 frontem
690 891 787 958 moris
811 898 845 958 et
867 898 1013 977 tempora
1034 891 1221 978 pingunt¹¹)

322 1001 438 1061 tenor
462 994 542 1061 ordo
566 999 722 1064 sermonis
745 1019 858 1065 norma

321 1102 541 1168 tentorium
566 1127 603 1171 eo
627 1105 714 1191 quod
737 1109 889 1174 tendatur
913 1106 1040 1175 funibus

321 1213 459 1275 tenues
484 1209 567 1276 leves

321 1318 453 1384 tenuia
474 1318 657 1386 tenuissima
680 1327 714 1386 ut
736 1319 860 1406 illutss)
884 1321 1088 1407 „velleraque
1111 1328 1147 1389 ut
1168 1320 1255 1390 soliis
1272 1322 1443 1408 depectant

471 1425 577 1492 tenuia
602 1424 715 1492 Seres“

320 1536 432 1599 tenus
454 1554 554 1617 usque
576 1531 624 1598 vel
647 1532 736 1599 iuxta

321 1645 528 1707 terebrare
550 1641 658 1706 forare

321 1747 465 1813 teredo
488 1747 603 1813 vermis
627 1746 659 1813 in
683 1746 768 1830 ligno

321 1854 451 1921 tereti
474 1854 604 1921 rotundi

321 2064 503 2135 Varillat
525 2073 615 2134 natat
637 2068 776 2153 (notati)
799 2069 917 2137 titubat
939 2070 1089 2137 tremulat

320 2176 475 2244 vatinia
498 2176 583 2242 viola
605 2184 780 2262 purpurata

320 2282 488 2351 vadatur
511 2284 709 2367 promittitur
731 2284 898 2368 pollicetur
920 2285 982 2352 fide
1006 2284 1082 2352 dicit

320 2389 441 2457 vades
464 2387 686 2475 fidejussores
710 2390 923 2476 promissores

321 2498 588 2566 vadimonium
611 2498 674 2565 fide
693 2498 794 2585 jussio
817 2500 949 2583 sponsio

321 2606 385 2672 vaf
390 2628 432 2671 er
455 2604 588 2689 agrestis
611 2604 744 2672 callidus
768 2611 923 2690 superbos

322 2712 511 2795 vagurrit
532 2717 627 2794 vagat
650 2734 705 2798 per
729 2713 833 2780 ooium

321 2819 483 2888 varioat
506 2819 649 2886 ambulat
673 2820 801 2886 divertit

322 2931 485 2997 varices
508 2948 604 2994 venas
627 2934 789 2994 contortas

323 3044 433 3104 rates
458 3040 489 3100 et
512 3034 693 3101 sacerdotes
718 3043 749 3101 et
772 3033 925 3118 prophete
949 3039 981 3099 et
1004 3041 1096 3119 poete
1117 3041 1152 3102 et
1174 3035 1269 3103 divini
1284 3036 1344 3104 vioi
1359 3038 1442 3124 (vir)

461 3143 574 3207 mentis
599 3142 749 3227 appellati
773 3142 856 3207 idem
881 3148 912 3207 et
935 3143 1228 3211 vaticinatores

323 3248 543 3331 vectigalia
566 3252 688 3316 tributa
710 3248 831 3317 fiscalia
853 3271 873 3314 a
896 3250 1038 3318 vehendo
1067 3250 1153 3318 diota

322 3363 529 3440 vegetatus
552 3357 749 3424 confortatus

323 3470 484 3547 rogetus
505 3462 598 3531 tortis
619 3465 669 3531 vol
692 3464 814 3530 validus
838 3463 998 3531 studiosus
1021 3464 1113 3549 agitis
1135 3469 1281 3532 otrentum

323 3571 602 3641 vellifioantes
630 3572 811 3654 navigantes

324 3677 539 3748 vendibilis
562 3699 613 3746 res
636 3679 755 3746 venalis

324 3786 528 3853 veneficia
551 3786 707 3854 malefioia

326 3916 448 3963 veneo
471 3894 591 3960 vendor

326 4005 466 4070 renum
490 4002 634 4069 vendicio

398 4252 444 4323 21)
463 4252 553 4324 Virgl.
572 4252 621 4308 eet
642 4253 667 4323 6,
685 4255 720 4307 22
739 4294 745 4309 .
765 4295 771 4310 .
791 4252 886 4325 pingit

399 4342 445 4412 22)
463 4341 541 4414 Virg.
559 4341 659 4416 Georg.
681 4344 706 4413 2,
727 4344 774 4398 121
797 4382 828 4398 ..
847 4339 1008 4418 depectant
