3292 5342
340 638 383 700 24

339 811 512 877 habenas
534 810 708 878 retinacula
730 808 895 879 frenorum

255 935 259 939 “
339 917 495 983 haveua
517 917 616 984 herba

340 1024 510 1092 habitus
533 1024 574 1090 ab
603 1024 751 1091 habendo
773 1025 893 1107 dictus,
931 1024 964 1091 id
1000 1031 1051 1092 est
1080 1024 1248 1093 scienciam
1285 1027 1317 1091 in
1340 1033 1454 1110 mente,

535 1131 685 1198 virtutem
713 1133 745 1197 in
768 1152 903 1218 corpore

340 1236 540 1322 hero(d)es
563 1237 610 1304 vir
633 1236 726 1304 fortis
748 1240 854 1305 audax
877 1239 1022 1306 similiter
1043 1239 1134 1306 fortis
1231 1303 1233 1308 ,

339 1344 481 1412 halant
504 1344 627 1428 spirant
648 1344 795 1412 redolent

339 1453 450 1519 halat
473 1454 591 1518 nutriat
613 1458 722 1537 paseat

340 1561 473 1626 hamis
496 1560 614 1628 ansulis
636 1560 837 1645 ligaminibus

340 1668 539 1734 humatum
565 1668 652 1734 uncis
675 1668 905 1735 circumdatum

340 1775 527 1841 hanccine
549 1774 643 1841 istam
669 1796 776 1843 veram
800 1776 925 1860 (verol)

340 1883 509 1949 hascine
531 1883 590 1951 has
612 1890 717 1949 autern

341 1989 480 2057 hausit
501 1988 583 2055 bibit
607 1989 768 2057 evacuavit
791 1989 872 2058 vidit
894 1990 1028 2072 audivit;

499 2095 579 2162 vidit
620 2104 655 2162 ut
693 2096 781 2163 illut:
827 2100 908 2164 huuc
949 2097 1048 2165 oculis
1095 2097 1201 2163 hausit
1238 2097 1388 2180 Virgilius
1402 2098 1457 2182 ¹⁰).

500 2203 621 2270 audivit
643 2210 678 2270 ut
700 2205 789 2271 illut:
813 2208 840 2274 is
862 2206 990 2271 auribus
1012 2206 1120 2272 hausit
1134 2206 1193 2290 ιι);
1217 2203 1297 2272 bibit
1320 2212 1354 2272 ut
1369 2205 1457 2272 illut:

500 2331 581 2376 nunc
604 2311 657 2378 ille
677 2311 811 2398 impiger
836 2315 920 2380 ausit
934 2314 976 2397 ¹¹)

341 2419 440 2484 haut
462 2438 525 2483 uon

341 2523 435 2589 haut
457 2524 577 2590 aliter
599 2546 663 2591 non
685 2525 779 2592 aliter

341 2631 459 2697 heluo
483 2652 585 2697 uorax
606 2632 734 2716 gulosus
757 2632 859 2716 glutto

342 2737 433 2805 heri
456 2738 575 2806 domini
598 2739 790 2807 dominatire
815 2739 925 2805 herilis

343 2845 477 2912 herma
501 2849 655 2913 castrecin
678 2850 762 2914 undo
785 2845 1078 2913 ermefroditus
1115 2846 1231 2914 dicitur
1256 2847 1308 2932 qui
1330 2867 1388 2913 nec
1410 2846 1458 2913 vir

503 2958 630 3019 estnec
656 2953 767 3020 mulier

342 3059 498 3128 heroici
521 3061 642 3146 antiqui

342 3167 591 3234 heroicorum
618 3167 820 3252 antiquorum

343 3275 441 3340 haut
464 3273 540 3358 (leg.
562 3274 643 3358 hiat)
666 3276 768 3359 aperit
791 3281 879 3360 patet

345 3379 504 3446 hiberia
525 3380 648 3466 ispania
671 3389 703 3449 ct
725 3382 788 3450 alia
810 3385 913 3451 iberia

345 3486 533 3555 hibernia
555 3490 653 3557 cottia

343 3595 482 3662 hidria
505 3616 634 3681 serpens

346 3702 459 3769 adria
482 3702 621 3791 (hydria)
652 3725 709 3770 vas
730 3725 884 3789 aquarum

346 3810 530 3877 hirsutus
553 3809 672 3894 pilosus
696 3816 728 3878 et
749 3810 867 3879 fetosus
894 3809 1063 3897 (setosusll
1086 3831 1180 3896 asper

419 4154 434 4207 1

420 4261 435 4314 1

435 4150 466 4220 0)
483 4151 545 4224 vgl.
563 4150 665 4223 virgil.
684 4149 753 4207 Aen.
772 4151 797 4220 4,
816 4151 877 4205 661.

439 4257 466 4328 1)

483 4258 583 4332 virgil.
601 4258 671 4315 Aen.
690 4259 715 4315 h
734 4256 795 4314 859.

421 4363 466 4437 la)
484 4361 583 4441 Virgil.
601 4367 669 4424 Aen.
691 4368 714 4440 1,
733 4366 794 4425 788.
