3292 5342
410 657 452 720 26

409 830 606 899 innabant
628 835 781 898 natabant

409 938 541 1005 innare
564 937 794 1021 tra(n)snatare

409 1043 628 1111 inbecillis
649 1042 793 1109 infirmus
816 1044 884 1108 sine
906 1041 1020 1110 baculo
1046 1041 1171 1110 virtutis

408 1152 617 1219 incentiva
640 1151 833 1218 accensionis
858 1150 982 1217 luxoria

408 1261 591 1327 incentor
623 1281 735 1327 suasor
772 1258 827 1344 qui
865 1279 965 1345 prava
998 1258 1145 1327 suasione
1179 1257 1317 1326 incendit
1348 1257 1446 1324 alium
1485 1257 1528 1323 ad

621 1365 738 1433 malum
801 1361 804 1368 ’

409 1474 620 1540 incessant
643 1478 791 1541 accusant

408 1580 591 1648 incestat
612 1579 727 1666 polluit

409 1689 581 1754 incestus
606 1687 720 1753 dicitur
743 1708 805 1753 non
829 1692 934 1752 castus

409 1794 655 1879 inquolomis
678 1815 698 1860 a
721 1794 880 1861 columina
901 1814 1016 1859 nemen
1039 1796 1123 1873 abet,
1153 1791 1247 1878 quasi
1269 1796 1354 1859 estus
1377 1789 1528 1875 (erectus)

674 1899 765 1967 fortis
788 1900 910 1968 stabilis
925 1900 968 1984 ¹⁴)

410 2005 613 2091 incompos
636 2008 795 2093 impotens

410 2114 645 2200 incomptum
670 2113 913 2199 incompositum

409 2220 660 2288 inconsultus
683 2224 724 2287 ab
749 2242 788 2288 eo
811 2218 895 2304 quod
916 2241 978 2286 non
1002 2218 1137 2304 accipiat
1159 2216 1325 2286 consilium

410 2327 675 2395 incrementa
698 2334 869 2411 augmenta
891 2327 1084 2394 nutrimenta

410 2433 547 2500 incubi
569 2434 707 2518 improbi
731 2435 884 2502 immundi
907 2438 947 2501 ab
971 2432 1149 2501 incubando
1174 2432 1250 2500 dicti

410 2539 616 2607 indicione
638 2541 846 2624 inquisicione

410 2648 565 2730 indago
586 2648 743 2731 investigo

410 2755 639 2823 indefessus
662 2754 870 2837 infatigabilis

410 2864 604 2930 indemnis
635 2864 702 2930 sine
724 2864 839 2930 damno

411 2971 647 3057 indemptus
671 2975 805 3057 adeptus
828 2974 1015 3037 consecutus

412 3080 604 3147 indicium
629 3083 855 3147 documentum
877 3077 918 3143 ab
941 3075 1110 3145 indicando
1134 3074 1253 3144 dictum

315 3234 321 3245 ·
411 3187 610 3269 indigena
632 3187 718 3272 qnod
743 3187 818 3252 civis
842 3186 873 3250 in
898 3183 1008 3250 eodem
1035 3184 1104 3252 loco
1126 3183 1167 3251 sit
1190 3183 1314 3272 genitus

412 3296 598 3377 indigens
622 3296 714 3381 inops
738 3314 858 3379 pauper
881 3311 997 3374 egenus

413 3402 653 3485 indigestum
678 3398 921 3485 incompositum

414 3508 640 3592 indigestus
664 3507 849 3574 indeductus

413 3613 590 3698 indigitn
612 3615 722 3681 invoco
744 3609 957 3698 indigitant
981 3612 1132 3680 invocem

413 3719 645 3802 indigitare
665 3720 813 3786 invocare

414 3825 673 3910 indulgencia
701 3826 903 3910 ingeniositas

414 3933 564 4000 indolis
587 3935 765 4016 ingeniosus

413 4040 634 4107 indonatus
657 4042 724 4111 sine
747 4041 831 4108 douo

415 4149 613 4216 indumine
636 4148 819 4216 indumenta

488 4380 532 4452 14)
549 4380 615 4453 up.
632 4380 724 4439 uuor
736 4356 775 4437 'n
795 4382 855 4438 ma
