3292 5342
367 602 386 664 8

368 775 497 845 uilium
520 776 603 845 unde
640 774 722 844 fabri
757 776 878 846 ferrum
911 778 1051 847 incidunt
1084 781 1167 848 unde
1202 785 1234 848 et
1269 782 1371 852 celata
1407 803 1483 850 vasa

521 885 668 952 dicuntur

367 990 505 1057 cimbia
527 997 558 1058 et
581 989 727 1059 aruasia
748 1012 846 1076 genus
868 991 1055 1078 poculorum

368 1097 549 1165 circulum
575 1099 696 1165 frenum

367 1205 667 1292 circumspectus
699 1211 809 1272 acutus
838 1207 969 1291 vigilans

367 1312 480 1379 cistas
504 1316 597 1379 orbes
620 1315 704 1380 unde
727 1313 910 1379 diminuitur
932 1313 1085 1381 cistella

369 1420 465 1485 cites
488 1418 571 1487 celer
593 1420 733 1487 velorum

367 1526 504 1593 civicas
526 1526 625 1594 civem
650 1528 725 1595 facit

366 1634 537 1701 clanculo
559 1633 699 1701 latenter

367 1737 511 1807 classes
534 1740 704 1807 multitudo
727 1740 855 1807 navium

370 1846 555 1916 classicus
578 1870 671 1915 sonus
694 1847 843 1915 tubarum

367 1953 475 2021 clava
497 1955 598 2020 calcia
620 1956 668 2021 vel
691 1954 874 2038 tautanus³)

368 2061 513 2129 clavum
537 2065 785 2149 gubernaculum
809 2061 898 2128 navis
921 2063 961 2129 de
998 2083 1061 2147 quo
1093 2061 1211 2129 Ennius
1220 2062 1248 2147 ⁴)
1294 2068 1329 2129 ut
1360 2062 1482 2134 damn

540 2178 662 2237 rectum
686 2177 814 2238 teneam
838 2191 1010 2254 navemque
1033 2174 1206 2253 gubernem

368 2277 513 2344 clavum
537 2300 700 2345 ascensum
723 2279 884 2346 modicum
907 2278 972 2344 sive
994 2276 1111 2344 flexum

368 2385 482 2453 cliens
504 2386 623 2453 amicus
647 2388 695 2453 vel
719 2408 837 2469 servus,
862 2386 944 2453 idem
968 2393 999 2453 et
1022 2385 1174 2454 clientelis

370 2492 463 2560 cluit
485 2493 621 2562 fabricat
644 2494 737 2562 aliter

369 2600 460 2667 cluit
483 2600 582 2686 pollet
606 2606 637 2669 et
660 2600 784 2669 excellit

367 2707 721 2792 clunaculum'spata
744 2731 781 2775 eo
798 2708 883 2794 quod
905 2707 946 2775 ad
970 2706 1076 2777 cluens
1100 2706 1217 2792 ligatur

369 2814 604 2883 convalescit
626 2815 737 2883 crescit

370 2928 517 2990 coctum
542 2922 661 2989 dictum
683 2923 774 3009 quasi
797 2928 939 2989 coactum

370 3028 480 3097 codix
504 3036 535 3096 et
558 3029 637 3097 liber
661 3038 691 3096 et
714 3030 789 3100 vitis
822 3036 855 3097 et
878 3031 969 3098 radix
991 3034 1143 3097 arborum
1171 3050 1231 3114 pro
1261 3026 1367 3095 multis
1399 3026 1483 3095 foliis

499 3136 531 3202 in
554 3136 660 3201 radice
684 3137 903 3204 convenienter
932 3137 1048 3205 dicitur

369 3243 552 3328 colaphus
575 3243 669 3328 alapa
692 3243 800 3328 palma
822 3243 871 3309 vel
895 3266 1016 3330 pugnus

369 3350 558 3419 colobium
583 3351 699 3417 dictum
724 3352 798 3437 quia
822 3352 952 3433 longum
975 3357 1024 3420 cet
1046 3356 1078 3417 et
1100 3349 1167 3418 sina
1191 3348 1320 3417 manicis
1340 3346 1381 3415 ab
1404 3346 1483 3415 anti·

556 3457 652 3544 ‚quis
676 3462 826 3526 utebatur

371 3565 560 3635 columber
583 3566 698 3633 dicitur
721 3569 806 3652 quod
831 3567 915 3633 colat
942 3568 1070 3633 umbras

371 3673 540 3741 columen
562 3674 648 3741 salus
670 3674 719 3741 vel
740 3673 873 3741 firmitas

443 4046 472 4118 Β)
491 4048 612 4105 Glossar.
646 4045 765 4103 Aelsrici
782 4045 948 4101 Saxonicum
966 4044 1026 4107 (bei
1044 4043 1182 4100 Henschel
1200 4042 1251 4099 sub
1270 4039 1371 4111 calais)
1390 4041 1486 4097 clava

372 4137 417 4195 vel
435 4137 547 4193 caleis
574 4136 618 4192 vel
640 4140 791 4192 teutona.
828 4135 911 4190 Dicae
931 4134 1048 4190 Glosson
1076 4134 1207 4189 echeinen
1234 4131 1285 4187 anf
1299 4131 1397 4202 virgil.
1415 4130 1485 4187 Aen.

373 4230 398 4285 7.
418 4229 467 4282 741
488 4244 523 4282 zu
540 4224 648 4280 lusson:
675 4224 820 4282 teutonico
839 4224 898 4280 ritu
914 4224 992 4280 soliti
1009 4228 1142 4294 torquere
1159 4222 1274 4279 cateias.

443 4333 473 4405 4)
490 4332 525 4390 ed
551 4333 660 4391 Vahlen
677 4350 704 4405 p.
725 4333 767 4389 70.
