3292 5342
334 628 379 698 20

332 802 489 871 factitat
512 802 692 889 frequenter
714 804 790 872 facit

332 910 392 977 fac
414 910 514 978 velle
536 917 612 997 puta
636 934 687 979 me
710 912 789 979 velle

332 1014 519 1085 facundus
543 1019 658 1086 dicitur
680 1020 734 1105 qui
757 1018 850 1085 facile
873 1018 935 1086 fari
957 1024 1063 1106 potest

331 1122 435 1191 falas
457 1132 562 1192 turres

331 1231 485 1300 falcitat
507 1253 578 1298 eum
602 1232 682 1301 falce
704 1231 832 1301 laborat

331 1343 455 1407 falera
478 1348 664 1408 ornamenta
686 1362 840 1427 equorum

332 1447 485 1514 falerna
507 1449 606 1532 vinea,
637 1449 824 1515 falernum
848 1448 955 1518 vinum
978 1448 1095 1516 dietum
1118 1470 1139 1516 a
1160 1447 1283 1518 falerna
1297 1448 1428 1533 regione

332 1554 500 1621 faletras
523 1557 703 1624 adolatoria
726 1557 822 1625 verba

330 1660 512 1729 fallibilis
536 1663 688 1731 subdolus
711 1665 883 1731 insidiosus

331 1767 494 1837 fanatici
518 1790 654 1856 augures
677 1769 769 1837 arioli
793 1770 893 1837 divini

329 1872 441 1943 fandi
464 1882 558 1960 atque
581 1877 739 1944 nefandi
768 1877 843 1945 boni
867 1884 899 1947 et
920 1900 983 1947 uon
1005 1879 1081 1947 boni

331 1984 457 2050 fanum
482 1983 645 2052 delubrum
670 1986 821 2071 templum

331 2093 437 2158 farra
461 2099 491 2159 et
513 2091 649 2177 farago
673 2086 775 2177 genus
794 2094 948 2187 ¹frumenti

329 2202 445 2267 farcit
466 2200 577 2285 implet

330 2308 452 2374 fartus
476 2307 623 2393 impletus

330 2413 480 2484 faretra
501 2418 572 2484 teca
594 2418 782 2502 sagittarum
806 2415 970 2485 aferendo
987 2416 1071 2484 diota
1093 2417 1175 2485 sicut
1188 2423 1229 2484 ‘et
1250 2419 1446 2499 feretrum,

500 2524 534 2590 id
572 2531 620 2591 est
668 2545 761 2590 unam
806 2527 881 2590 abet
922 2523 1134 2608 etimologiam
1184 2524 1259 2609 quia
1299 2522 1448 2589 faretra

503 2642 635 2699 mortem
660 2632 846 2699 feretrum
869 2639 1030 2723 mortuum
1052 2637 1162 2716 portat

330 2739 391 2807 fas
414 2741 530 2807 iustum
554 2740 673 2806 licitum
697 2742 746 2806 vel
772 2741 904 2807 licencia

329 2846 493 2915 fascinat
518 2852 631 2932 gravat
660 2845 817 2916 adolando
841 2847 958 2932 decipit

329 2957 448 3024 fassio
472 2954 626 3024 confessio

330 3063 505 3131 fastidia
527 3064 674 3148 superbia
697 3062 852 3128 fastidit
874 3062 1016 3147 superbit

329 3169 574 3240 fastidiosus
607 3192 753 3238 morosus
775 3169 926 3255 querulus

329 3280 497 3361 fastigia
519 3285 674 3346 tectorum
699 3277 863 3345 cacumina

329 3387 560 3469 fastigiosus
584 3386 702 3451 arduus
725 3384 865 3451 excelsus

328 3494 455 3562 fastus
479 3492 628 3577 superbia
652 3490 757 3558 tumor
780 3491 879 3560 elacio

328 3600 467 3667 fassus
491 3600 615 3666 locutus
639 3599 740 3666 fatus
764 3598 886 3665 locutus

329 3707 489 3775 fatescit
512 3706 694 3775 dissolvitur
722 3713 753 3773 et
775 3709 915 3773 vanescit

328 3816 461 3884 fauste
484 3815 618 3882 feliciter
639 3837 793 3901 prospere

329 3926 488 3992 faustus
513 3922 588 3991 felix
611 3924 749 3989 clemens
772 3922 923 4004 benignus

330 4030 491 4097 fauctor
514 4030 716 4097 consenciens
741 4051 776 4095 eo
802 4029 887 4113 quod
909 4026 1014 4094 faveat

329 4142 398 4207 fax
421 4138 526 4204 leticia
549 4145 579 4204 et
601 4136 705 4203 facula

329 4245 521 4313 faxoficia
543 4246 648 4311 samm
673 4245 747 4311 fecit

330 4353 427 4421 feba
446 4351 522 4422 luna
