<?xml version="1.0" encoding="UTF-8"?>
<!DOCTYPE html PUBLIC "-//W3C//DTD XHTML 1.0 Transitional//EN"
    "http://www.w3.org/TR/xhtml1/DTD/xhtml1-transitional.dtd">
<html xmlns="http://www.w3.org/1999/xhtml" xml:lang="en" lang="en">
 <head>
  <title>
</title>
<meta http-equiv="Content-Type" content="text/html;charset=utf-8" />
  <meta name='ocr-system' content='tesseract 3.04.00' />
  <meta name='ocr-capabilities' content='ocr_page ocr_carea ocr_par ocr_line ocrx_word'/>
</head>
<body>
  <div class='ocr_page' id='page_1' title='image "./einlateinisches00thomgoog_0015.png"; bbox 0 0 3292 5342; ppageno 0'>
   <div class='ocr_carea' id='block_1_1' title="bbox 5 817 1220 4227">
    <p class='ocr_par' dir='ltr' id='par_1_1' title="bbox 5 817 1220 4227">
     <span class='ocr_line' id='line_1_1' title="bbox 106 817 745 903; baseline 0.006 -19"><span class='ocrx_word' id='word_1_1' title='bbox 106 838 226 903; x_wconf 80' lang='lat' dir='ltr'>caupo</span> <span class='ocrx_word' id='word_1_2' title='bbox 249 817 433 900; x_wconf 73' lang='lat' dir='ltr'>negociator</span> <span class='ocrx_word' id='word_1_3' title='bbox 459 817 524 886; x_wconf 81' lang='lat' dir='ltr'>sive</span> <span class='ocrx_word' id='word_1_4' title='bbox 545 820 745 888; x_wconf 85' lang='lat' dir='ltr'>tabernarius</span> 
     </span>
     <span class='ocr_line' id='line_1_2' title="bbox 106 926 475 1010; baseline -0.005 -18"><span class='ocrx_word' id='word_1_5' title='bbox 106 926 320 1010; x_wconf 84' lang='lat' dir='ltr'>cauponula</span> <span class='ocrx_word' id='word_1_6' title='bbox 341 929 475 992; x_wconf 80' lang='lat' dir='ltr'>taberna</span> 
     </span>
     <span class='ocr_line' id='line_1_3' title="bbox 103 1031 542 1118; baseline 0.005 -21"><span class='ocrx_word' id='word_1_7' title='bbox 103 1031 283 1100; x_wconf 88' lang='lat' dir='ltr'>causalor</span> <span class='ocrx_word' id='word_1_8' title='bbox 305 1032 359 1118; x_wconf 87' lang='lat' dir='ltr'>qni</span> <span class='ocrx_word' id='word_1_9' title='bbox 382 1032 542 1100; x_wconf 83' lang='lat' dir='ltr'>revelator</span> 
     </span>
     <span class='ocr_line' id='line_1_4' title="bbox 103 1140 496 1224; baseline 0.01 -21"><span class='ocrx_word' id='word_1_10' title='bbox 103 1145 237 1206; x_wconf 83' lang='lat' dir='ltr'>caules</span> <span class='ocrx_word' id='word_1_11' title='bbox 259 1159 337 1207; x_wconf 80' lang='lat' dir='ltr'>saxa</span> <span class='ocrx_word' id='word_1_12' title='bbox 358 1140 496 1224; x_wconf 85' lang='lat' dir='ltr'>ingentia</span> 
     </span>
     <span class='ocr_line' id='line_1_5' title="bbox 103 1247 570 1315; baseline 0.009 -4"><span class='ocrx_word' id='word_1_13' title='bbox 103 1253 242 1313; x_wconf 86' lang='lat' dir='ltr'>cautus</span> <span class='ocrx_word' id='word_1_14' title='bbox 265 1269 284 1313; x_wconf 84' lang='lat' dir='ltr'>a</span> <span class='ocrx_word' id='word_1_15' title='bbox 307 1247 446 1314; x_wconf 85' lang='lat' dir='ltr'>cavendo</span> <span class='ocrx_word' id='word_1_16' title='bbox 469 1247 570 1315; x_wconf 87' lang='lat' dir='ltr'>dictus</span> 
     </span>
     <span class='ocr_line' id='line_1_6' title="bbox 104 1353 344 1422; baseline 0.004 -2"><span class='ocrx_word' id='word_1_17' title='bbox 104 1374 196 1422; x_wconf 85' lang='lat' dir='ltr'>ceca</span> <span class='ocrx_word' id='word_1_18' title='bbox 219 1353 344 1421; x_wconf 83' lang='lat' dir='ltr'>occultu</span> 
     </span>
     <span class='ocr_line' id='line_1_7' title="bbox 103 1467 411 1529; baseline -0.006 -1"><span class='ocrx_word' id='word_1_19' title='bbox 103 1482 233 1529; x_wconf 88' lang='lat' dir='ltr'>cecum</span> <span class='ocrx_word' id='word_1_20' title='bbox 256 1467 411 1527; x_wconf 87' lang='lat' dir='ltr'>secretum</span> 
     </span>
     <span class='ocr_line' id='line_1_8' title="bbox 102 1567 895 1653; baseline 0 -18"><span class='ocrx_word' id='word_1_21' title='bbox 102 1568 198 1635; x_wconf 88' lang='lat' dir='ltr'>cedo</span> <span class='ocrx_word' id='word_1_22' title='bbox 224 1588 321 1653; x_wconf 84' lang='lat' dir='ltr'>pareo</span> <span class='ocrx_word' id='word_1_23' title='bbox 346 1568 460 1635; x_wconf 88' lang='lat' dir='ltr'>obedio</span> <span class='ocrx_word' id='word_1_24' title='bbox 484 1567 622 1635; x_wconf 89' lang='lat' dir='ltr'>concedo</span> <span class='ocrx_word' id='word_1_25' title='bbox 647 1575 704 1636; x_wconf 84' lang='lat' dir='ltr'>aut</span> <span class='ocrx_word' id='word_1_26' title='bbox 726 1568 831 1635; x_wconf 89' lang='lat' dir='ltr'>locum</span> <span class='ocrx_word' id='word_1_27' title='bbox 854 1567 895 1635; x_wconf 87' lang='lat' dir='ltr'>dc</span> 
     </span>
     <span class='ocr_line' id='line_1_9' title="bbox 104 1672 639 1760; baseline 0 -18"><span class='ocrx_word' id='word_1_28' title='bbox 104 1673 232 1742; x_wconf 86' lang='lat' dir='ltr'>cedria</span> <span class='ocrx_word' id='word_1_29' title='bbox 256 1674 341 1740; x_wconf 87' lang='lat' dir='ltr'>cedri</span> <span class='ocrx_word' id='word_1_30' title='bbox 364 1672 464 1741; x_wconf 86' lang='lat' dir='ltr'>lerina</span> <span class='ocrx_word' id='word_1_31' title='bbox 486 1673 639 1760; x_wconf 67' lang='lat' dir='ltr'>(resinat)</span> 
     </span>
     <span class='ocr_line' id='line_1_10' title="bbox 103 1781 426 1848; baseline 0 0"><span class='ocrx_word' id='word_1_32' title='bbox 103 1782 236 1848; x_wconf 85' lang='lat' dir='ltr'>cedria</span> <span class='ocrx_word' id='word_1_33' title='bbox 259 1781 426 1848; x_wconf 86' lang='lat' dir='ltr'>cedrimela</span> 
     </span>
     <span class='ocr_line' id='line_1_11' title="bbox 103 1888 437 1973; baseline 0 -17"><span class='ocrx_word' id='word_1_34' title='bbox 103 1888 222 1973; x_wconf 66' lang='lat' dir='ltr'>cecil)</span> <span class='ocrx_word' id='word_1_35' title='bbox 245 1890 437 1957; x_wconf 86' lang='lat' dir='ltr'>iudicatores</span> 
     </span>
     <span class='ocr_line' id='line_1_12' title="bbox 103 1995 548 2083; baseline 0.002 -21"><span class='ocrx_word' id='word_1_36' title='bbox 103 1997 258 2063; x_wconf 85' lang='lat' dir='ltr'>celeber</span> <span class='ocrx_word' id='word_1_37' title='bbox 280 1995 426 2083; x_wconf 84' lang='lat' dir='ltr'>frequens</span> <span class='ocrx_word' id='word_1_38' title='bbox 448 1995 548 2063; x_wconf 85' lang='lat' dir='ltr'>festus</span> 
     </span>
     <span class='ocr_line' id='line_1_13' title="bbox 103 2102 418 2171; baseline 0 -2"><span class='ocrx_word' id='word_1_39' title='bbox 103 2102 252 2169; x_wconf 86' lang='lat' dir='ltr'>celebre</span> <span class='ocrx_word' id='word_1_40' title='bbox 277 2105 418 2171; x_wconf 81' lang='lat' dir='ltr'>solemne</span> 
     </span>
     <span class='ocr_line' id='line_1_14' title="bbox 103 2208 603 2277; baseline -0.002 0"><span class='ocrx_word' id='word_1_41' title='bbox 103 2209 308 2277; x_wconf 84' lang='lat' dir='ltr'>celebritas</span> <span class='ocrx_word' id='word_1_42' title='bbox 331 2210 478 2277; x_wconf 86' lang='lat' dir='ltr'>honestas</span> <span class='ocrx_word' id='word_1_43' title='bbox 500 2208 603 2276; x_wconf 88' lang='lat' dir='ltr'>honor</span> 
     </span>
     <span class='ocr_line' id='line_1_15' title="bbox 103 2316 773 2403; baseline 0 -20"><span class='ocrx_word' id='word_1_44' title='bbox 103 2317 232 2403; x_wconf 89' lang='lat' dir='ltr'>celeps</span> <span class='ocrx_word' id='word_1_45' title='bbox 256 2318 309 2403; x_wconf 89' lang='lat' dir='ltr'>qui</span> <span class='ocrx_word' id='word_1_46' title='bbox 333 2319 410 2385; x_wconf 86' lang='lat' dir='ltr'>facit</span> <span class='ocrx_word' id='word_1_47' title='bbox 433 2317 491 2385; x_wconf 88' lang='lat' dir='ltr'>sibi</span> <span class='ocrx_word' id='word_1_48' title='bbox 522 2321 582 2385; x_wconf 86' lang='lat' dir='ltr'>iter</span> <span class='ocrx_word' id='word_1_49' title='bbox 606 2317 647 2384; x_wconf 85' lang='lat' dir='ltr'>ad</span> <span class='ocrx_word' id='word_1_50' title='bbox 670 2316 773 2385; x_wconf 89' lang='lat' dir='ltr'>celum</span> 
     </span>
     <span class='ocr_line' id='line_1_16' title="bbox 103 2425 515 2492; baseline -0.002 -1"><span class='ocrx_word' id='word_1_51' title='bbox 103 2425 193 2492; x_wconf 87' lang='lat' dir='ltr'>celis</span> <span class='ocrx_word' id='word_1_52' title='bbox 216 2433 355 2492; x_wconf 78' lang='lat' dir='ltr'>utana</span> <span class='ocrx_word' id='word_1_53' title='bbox 372 2473 515 2491; x_wconf 88' lang='grc'><strong>.....</strong></span> 
     </span>
     <span class='ocr_line' id='line_1_17' title="bbox 103 2532 1091 2617; baseline 0.001 -16"><span class='ocrx_word' id='word_1_54' title='bbox 103 2535 271 2601; x_wconf 83' lang='lat' dir='ltr'>celeuma</span> <span class='ocrx_word' id='word_1_55' title='bbox 294 2533 415 2601; x_wconf 89' lang='lat' dir='ltr'>clamor</span> <span class='ocrx_word' id='word_1_56' title='bbox 436 2533 580 2600; x_wconf 91' lang='lat' dir='ltr'>nauticus</span> <span class='ocrx_word' id='word_1_57' title='bbox 602 2532 651 2600; x_wconf 85' lang='lat' dir='ltr'>vel</span> <span class='ocrx_word' id='word_1_58' title='bbox 676 2552 802 2598; x_wconf 87' lang='lat' dir='ltr'>carmen</span> <span class='ocrx_word' id='word_1_59' title='bbox 832 2553 927 2617; x_wconf 90' lang='lat' dir='ltr'>super</span> <span class='ocrx_word' id='word_1_60' title='bbox 948 2541 1091 2602; x_wconf 86' lang='lat' dir='ltr'>mortuos</span> 
     </span>
     <span class='ocr_line' id='line_1_18' title="bbox 103 2638 1220 2725; baseline 0.003 -17"><span class='ocrx_word' id='word_1_61' title='bbox 103 2640 290 2709; x_wconf 85' lang='lat' dir='ltr'>celibatus</span> <span class='ocrx_word' id='word_1_62' title='bbox 314 2639 488 2724; x_wconf 85' lang='lat' dir='ltr'>virginitas,</span> <span class='ocrx_word' id='word_1_63' title='bbox 528 2662 567 2707; x_wconf 87' lang='lat' dir='ltr'>ec</span> <span class='ocrx_word' id='word_1_64' title='bbox 591 2641 676 2725; x_wconf 88' lang='lat' dir='ltr'>quod</span> <span class='ocrx_word' id='word_1_65' title='bbox 707 2638 774 2705; x_wconf 89' lang='lat' dir='ltr'>celo</span> <span class='ocrx_word' id='word_1_66' title='bbox 797 2639 982 2724; x_wconf 66' lang='lat' dir='ltr'>dignoscit,</span> <span class='ocrx_word' id='word_1_67' title='bbox 1022 2641 1124 2710; x_wconf 78' lang='lat' dir='ltr'>dictus</span> <span class='ocrx_word' id='word_1_68' title='bbox 1147 2642 1220 2710; x_wconf 87' lang='lat' dir='ltr'>celi·</span> 
     </span>
     <span class='ocr_line' id='line_1_19' title="bbox 316 2729 971 2833; baseline -0.002 -19"><span class='ocrx_word' id='word_1_69' title='bbox 316 2748 410 2814; x_wconf 86' lang='lat' dir='ltr'>batus</span> <span class='ocrx_word' id='word_1_70' title='bbox 433 2747 522 2833; x_wconf 89' lang='lat' dir='ltr'>quusi</span> <span class='ocrx_word' id='word_1_71' title='bbox 545 2747 612 2815; x_wconf 87' lang='lat' dir='ltr'>celo</span> <span class='ocrx_word' id='word_1_72' title='bbox 636 2752 749 2815; x_wconf 87' lang='lat' dir='ltr'>beatus</span> <span class='ocrx_word' id='word_1_73' title='bbox 956 2729 971 2766; x_wconf 71' lang='lat'><em>⁶</em></span> 
     </span>
     <span class='ocr_line' id='line_1_20' title="bbox 103 2855 364 2941; baseline 0.008 -21"><span class='ocrx_word' id='word_1_74' title='bbox 103 2874 237 2923; x_wconf 86' lang='lat' dir='ltr'>censeo</span> <span class='ocrx_word' id='word_1_75' title='bbox 256 2855 364 2941; x_wconf 90' lang='lat' dir='ltr'>judico</span> 
     </span>
     <span class='ocr_line' id='line_1_21' title="bbox 5 2963 497 3052; baseline 0.004 -25"><span class='ocrx_word' id='word_1_76' title='bbox 5 3049 6 3052; x_wconf 8' lang='grc' dir='ltr'><strong>Ἴ</strong></span> <span class='ocrx_word' id='word_1_77' title='bbox 102 2982 283 3030; x_wconf 88' lang='lat' dir='ltr'>censores</span> <span class='ocrx_word' id='word_1_78' title='bbox 304 2963 497 3049; x_wconf 85' lang='lat' dir='ltr'>judicatores</span> 
     </span>
     <span class='ocr_line' id='line_1_22' title="bbox 102 3067 991 3153; baseline 0.002 -18"><span class='ocrx_word' id='word_1_79' title='bbox 102 3089 262 3135; x_wconf 86' lang='lat' dir='ltr'>censura</span> <span class='ocrx_word' id='word_1_80' title='bbox 284 3069 389 3137; x_wconf 87' lang='lat' dir='ltr'>honor</span> <span class='ocrx_word' id='word_1_81' title='bbox 412 3070 511 3135; x_wconf 84' lang='lat' dir='ltr'>uirtus</span> <span class='ocrx_word' id='word_1_82' title='bbox 535 3067 679 3153; x_wconf 83' lang='lat' dir='ltr'>potencie</span> <span class='ocrx_word' id='word_1_83' title='bbox 701 3067 807 3134; x_wconf 90' lang='lat' dir='ltr'>iudicii</span> <span class='ocrx_word' id='word_1_84' title='bbox 838 3069 991 3137; x_wconf 83' lang='lat' dir='ltr'>securitas</span> 
     </span>
     <span class='ocr_line' id='line_1_23' title="bbox 103 3174 930 3261; baseline 0 -19"><span class='ocrx_word' id='word_1_85' title='bbox 103 3174 356 3243; x_wconf 86' lang='lat' dir='ltr'>ceroferarius</span> <span class='ocrx_word' id='word_1_86' title='bbox 379 3198 398 3243; x_wconf 88' lang='lat' dir='ltr'>a</span> <span class='ocrx_word' id='word_1_87' title='bbox 421 3175 652 3261; x_wconf 87' lang='lat' dir='ltr'>deportandum</span> <span class='ocrx_word' id='word_1_88' title='bbox 678 3194 801 3241; x_wconf 83' lang='lat' dir='ltr'>cereum</span> <span class='ocrx_word' id='word_1_89' title='bbox 827 3175 930 3242; x_wconf 83' lang='lat' dir='ltr'>dictus</span> 
     </span>
     <span class='ocr_line' id='line_1_24' title="bbox 103 3283 367 3351; baseline 0.008 -2"><span class='ocrx_word' id='word_1_90' title='bbox 103 3285 254 3349; x_wconf 86' lang='lat' dir='ltr'>cerutus</span> <span class='ocrx_word' id='word_1_91' title='bbox 277 3283 367 3351; x_wconf 91' lang='lat' dir='ltr'>color</span> 
     </span>
     <span class='ocr_line' id='line_1_25' title="bbox 103 3390 600 3477; baseline -0.004 -20"><span class='ocrx_word' id='word_1_92' title='bbox 103 3390 274 3458; x_wconf 90' lang='lat' dir='ltr'>ceruleus</span> <span class='ocrx_word' id='word_1_93' title='bbox 297 3391 350 3477; x_wconf 88' lang='lat' dir='ltr'>qui</span> <span class='ocrx_word' id='word_1_94' title='bbox 374 3413 413 3457; x_wconf 83' lang='lat' dir='ltr'>ex</span> <span class='ocrx_word' id='word_1_95' title='bbox 436 3391 541 3457; x_wconf 88' lang='lat' dir='ltr'>cerulo</span> <span class='ocrx_word' id='word_1_96' title='bbox 563 3392 600 3457; x_wconf 83' lang='lat' dir='ltr'>fit</span> 
     </span>
     <span class='ocr_line' id='line_1_26' title="bbox 102 3493 1035 3582; baseline 0 -18"><span class='ocrx_word' id='word_1_97' title='bbox 102 3497 290 3564; x_wconf 70' lang='lat' dir='ltr'>ceruleis</span> <span class='ocrx_word' id='word_1_98' title='bbox 312 3497 418 3564; x_wconf 88' lang='lat' dir='ltr'>colore</span> <span class='ocrx_word' id='word_1_99' title='bbox 441 3496 591 3582; x_wconf 87' lang='lat' dir='ltr'>appellati</span> <span class='ocrx_word' id='word_1_100' title='bbox 613 3516 687 3562; x_wconf 84' lang='lat' dir='ltr'>nam</span> <span class='ocrx_word' id='word_1_101' title='bbox 711 3493 835 3562; x_wconf 87' lang='lat' dir='ltr'>cerulus</span> <span class='ocrx_word' id='word_1_102' title='bbox 857 3500 906 3564; x_wconf 86' lang='lat' dir='ltr'>est</span> <span class='ocrx_word' id='word_1_103' title='bbox 928 3546 936 3563; x_wconf 93' lang='lat'><strong>.</strong></span> <span class='ocrx_word' id='word_1_104' title='bbox 961 3545 970 3563; x_wconf 86' lang='lat'><strong>.</strong></span> <span class='ocrx_word' id='word_1_105' title='bbox 994 3548 1001 3564; x_wconf 92' lang='lat'><strong>.</strong></span> <span class='ocrx_word' id='word_1_106' title='bbox 1026 3547 1035 3564; x_wconf 92' lang='lat'><strong>.</strong></span> 
     </span>
     <span class='ocr_line' id='line_1_27' title="bbox 103 3604 641 3693; baseline -0.004 -21"><span class='ocrx_word' id='word_1_107' title='bbox 103 3615 228 3673; x_wconf 87' lang='lat' dir='ltr'>cetera</span> <span class='ocrx_word' id='word_1_108' title='bbox 250 3604 349 3691; x_wconf 90' lang='lat' dir='ltr'>pubes</span> <span class='ocrx_word' id='word_1_109' title='bbox 371 3612 477 3673; x_wconf 89' lang='lat' dir='ltr'>cetera</span> <span class='ocrx_word' id='word_1_110' title='bbox 496 3610 641 3693; x_wconf 84' lang='lat' dir='ltr'>juventus</span> 
     </span>
     <span class='ocr_line' id='line_1_28' title="bbox 104 3712 627 3796; baseline -0.002 -17"><span class='ocrx_word' id='word_1_111' title='bbox 104 3720 204 3779; x_wconf 90' lang='lat' dir='ltr'>cetus</span> <span class='ocrx_word' id='word_1_112' title='bbox 228 3712 321 3779; x_wconf 89' lang='lat' dir='ltr'>belua</span> <span class='ocrx_word' id='word_1_113' title='bbox 343 3715 390 3780; x_wconf 82' lang='lat' dir='ltr'>vel</span> <span class='ocrx_word' id='word_1_114' title='bbox 415 3712 627 3796; x_wconf 83' lang='lat' dir='ltr'>congregacio¹</span> 
     </span>
     <span class='ocr_line' id='line_1_29' title="bbox 103 3819 414 3888; baseline 0 -1"><span class='ocrx_word' id='word_1_115' title='bbox 103 3819 243 3888; x_wconf 85' lang='lat' dir='ltr'>ciamus</span> <span class='ocrx_word' id='word_1_116' title='bbox 268 3840 414 3887; x_wconf 84' lang='lat' dir='ltr'>vocemus</span> 
     </span>
     <span class='ocr_line' id='line_1_30' title="bbox 105 3926 516 3995; baseline 0 -2"><span class='ocrx_word' id='word_1_117' title='bbox 105 3926 249 3994; x_wconf 87' lang='lat' dir='ltr'>cibaria</span> <span class='ocrx_word' id='word_1_118' title='bbox 272 3930 312 3994; x_wconf 92' lang='lat' dir='ltr'>de</span> <span class='ocrx_word' id='word_1_119' title='bbox 336 3927 407 3995; x_wconf 91' lang='lat' dir='ltr'>cibo</span> <span class='ocrx_word' id='word_1_120' title='bbox 430 3927 516 3994; x_wconf 82' lang='lat' dir='ltr'>dicta</span> 
     </span>
     <span class='ocr_line' id='line_1_31' title="bbox 104 4031 951 4120; baseline -0.004 -18"><span class='ocrx_word' id='word_1_121' title='bbox 104 4034 273 4103; x_wconf 85' lang='lat' dir='ltr'>citharim</span> <span class='ocrx_word' id='word_1_122' title='bbox 301 4033 431 4120; x_wconf 89' lang='lat' dir='ltr'>pallium</span> <span class='ocrx_word' id='word_1_123' title='bbox 455 4033 652 4104; x_wconf 85' lang='lat' dir='ltr'>sacerdotale</span> <span class='ocrx_word' id='word_1_124' title='bbox 676 4032 759 4100; x_wconf 85' lang='lat' dir='ltr'>tiara</span> <span class='ocrx_word' id='word_1_125' title='bbox 781 4031 831 4100; x_wconf 82' lang='lat' dir='ltr'>vel</span> <span class='ocrx_word' id='word_1_126' title='bbox 853 4031 951 4099; x_wconf 86' lang='lat' dir='ltr'>mitra</span> 
     </span>
     <span class='ocr_line' id='line_1_32' title="bbox 105 4141 433 4227; baseline 0 -18"><span class='ocrx_word' id='word_1_127' title='bbox 105 4142 285 4212; x_wconf 86' lang='lat' dir='ltr'>cilindrua</span> <span class='ocrx_word' id='word_1_128' title='bbox 308 4141 433 4227; x_wconf 89' lang='lat' dir='ltr'>lapillus</span> 
     </span>
    </p>
   </div>
   <div class='ocr_carea' id='block_1_2' title="bbox 104 4285 315 4298">
    <p class='ocr_par' dir='ltr' id='par_1_2' title="bbox 104 4285 315 4298">
     <span class='ocr_line' id='line_1_33' title="bbox 104 4285 315 4298; baseline -0.014 0"><span class='ocrx_word' id='word_1_129' title='bbox 104 4285 315 4298; x_wconf 48' lang='lat' dir='ltr'>m</span> 
     </span>
    </p>
   </div>
   <div class='ocr_carea' id='block_1_3' title="bbox 173 4352 879 4432">
    <p class='ocr_par' dir='ltr' id='par_1_3' title="bbox 173 4352 879 4432">
     <span class='ocr_line' id='line_1_34' title="bbox 173 4352 879 4432; baseline -0.004 -20"><span class='ocrx_word' id='word_1_130' title='bbox 173 4356 201 4432; x_wconf 86' lang='lat'>2)</span> <span class='ocrx_word' id='word_1_131' title='bbox 220 4357 268 4413; x_wconf 74' lang='lat' dir='ltr'>(lei</span> <span class='ocrx_word' id='word_1_132' title='bbox 286 4356 466 4428; x_wconf 84' lang='lat' dir='ltr'>iudicatores,</span> <span class='ocrx_word' id='word_1_133' title='bbox 484 4355 543 4412; x_wconf 87' lang='lat' dir='ltr'>cod.</span> <span class='ocrx_word' id='word_1_134' title='bbox 564 4355 647 4428; x_wconf 77' lang='lat' dir='ltr'>Sang.</span> <span class='ocrx_word' id='word_1_135' title='bbox 666 4354 712 4411; x_wconf 87' lang='lat' dir='ltr'>bei</span> <span class='ocrx_word' id='word_1_136' title='bbox 730 4352 879 4411; x_wconf 86' lang='lat' dir='ltr'>Henschel.</span> 
     </span>
    </p>
   </div>
   <div class='ocr_carea' id='block_1_4' title="bbox 0 0 1652 5342">
    <p class='ocr_par' dir='ltr' id='par_1_4' title="bbox 0 0 1652 5342">
     <span class='ocr_line' id='line_1_35' title="bbox 0 0 1652 5342; baseline 0 0"><span class='ocrx_word' id='word_1_137' title='bbox 0 0 1652 5342; x_wconf 95' lang='lat' dir='ltr'> </span> 
     </span>
    </p>
   </div>
  </div>
 </body>
</html>
