<?xml version="1.0" encoding="UTF-8"?>
<!DOCTYPE html PUBLIC "-//W3C//DTD XHTML 1.0 Transitional//EN"
    "http://www.w3.org/TR/xhtml1/DTD/xhtml1-transitional.dtd">
<html xmlns="http://www.w3.org/1999/xhtml" xml:lang="en" lang="en">
 <head>
  <title>
</title>
<meta http-equiv="Content-Type" content="text/html;charset=utf-8" />
  <meta name='ocr-system' content='tesseract 3.04.00' />
  <meta name='ocr-capabilities' content='ocr_page ocr_carea ocr_par ocr_line ocrx_word'/>
</head>
<body>
  <div class='ocr_page' id='page_1' title='image "./einlateinisches00thomgoog_0045.png"; bbox 0 0 3292 5342; ppageno 0'>
   <div class='ocr_carea' id='block_1_1' title="bbox 165 825 874 1125">
    <p class='ocr_par' dir='ltr' id='par_1_1' title="bbox 165 825 874 1125">
     <span class='ocr_line' id='line_1_1' title="bbox 165 825 500 894; baseline 0.006 -2"><span class='ocrx_word' id='word_1_1' title='bbox 165 825 325 894; x_wconf 86' lang='lat' dir='ltr'><strong>soorion</strong></span> <span class='ocrx_word' id='word_1_2' title='bbox 348 826 500 894; x_wconf 79' lang='lat' dir='ltr'><strong>meretrix</strong></span> 
     </span>
     <span class='ocr_line' id='line_1_2' title="bbox 165 941 403 1000; baseline -0.008 0"><span class='ocrx_word' id='word_1_3' title='bbox 165 955 256 1000; x_wconf 83' lang='lat' dir='ltr'><strong>scre</strong></span> <span class='ocrx_word' id='word_1_4' title='bbox 278 941 403 999; x_wconf 80' lang='lat' dir='ltr'><strong>vetuste</strong></span> 
     </span>
     <span class='ocr_line' id='line_1_3' title="bbox 165 1040 874 1125; baseline 0 -19"><span class='ocrx_word' id='word_1_5' title='bbox 165 1041 304 1125; x_wconf 82' lang='lat' dir='ltr'><strong>scirpo</strong></span> <span class='ocrx_word' id='word_1_6' title='bbox 327 1061 405 1107; x_wconf 83' lang='lat' dir='ltr'><strong>saxa</strong></span> <span class='ocrx_word' id='word_1_7' title='bbox 428 1041 518 1124; x_wconf 84' lang='lat' dir='ltr'><strong>nigra</strong></span> <span class='ocrx_word' id='word_1_8' title='bbox 541 1044 573 1105; x_wconf 90' lang='lat' dir='ltr'><strong>et</strong></span> <span class='ocrx_word' id='word_1_9' title='bbox 596 1061 712 1125; x_wconf 86' lang='lat' dir='ltr'><strong>aspera</strong></span> <span class='ocrx_word' id='word_1_10' title='bbox 735 1040 769 1108; x_wconf 92' lang='lat' dir='ltr'><strong>iu</strong></span> <span class='ocrx_word' id='word_1_11' title='bbox 792 1042 874 1108; x_wconf 82' lang='lat' dir='ltr'><strong>meri</strong></span> 
     </span>
    </p>
   </div>
   <div class='ocr_carea' id='block_1_2' title="bbox 40 1252 1284 1340">
    <p class='ocr_par' dir='ltr' id='par_1_2' title="bbox 40 1252 1284 1340">
     <span class='ocr_line' id='line_1_4' title="bbox 40 1252 1284 1340; baseline 0.001 -20"><span class='ocrx_word' id='word_1_12' title='bbox 40 1289 41 1292; x_wconf 34' lang='lat'>¹</span> <span class='ocrx_word' id='word_1_13' title='bbox 164 1252 351 1321; x_wconf 74' lang='lat' dir='ltr'><strong>Tabellio</strong></span> <span class='ocrx_word' id='word_1_14' title='bbox 377 1255 429 1338; x_wconf 94' lang='lat' dir='ltr'><strong>qui</strong></span> <span class='ocrx_word' id='word_1_15' title='bbox 453 1256 580 1321; x_wconf 85' lang='lat' dir='ltr'><strong>tabulas</strong></span> <span class='ocrx_word' id='word_1_16' title='bbox 603 1258 713 1338; x_wconf 84' lang='lat' dir='ltr'><strong>portet</strong></span> <span class='ocrx_word' id='word_1_17' title='bbox 736 1253 819 1319; x_wconf 90' lang='lat' dir='ltr'><strong>idem</strong></span> <span class='ocrx_word' id='word_1_18' title='bbox 844 1260 971 1338; x_wconf 88' lang='lat' dir='ltr'><strong>sceptor</strong></span> <span class='ocrx_word' id='word_1_19' title='bbox 1006 1255 1040 1339; x_wconf 85' lang='lat' dir='ltr'><strong>(l.</strong></span> <span class='ocrx_word' id='word_1_20' title='bbox 1065 1254 1214 1340; x_wconf 81' lang='lat' dir='ltr'><strong>scriptor)</strong></span> <span class='ocrx_word' id='word_1_21' title='bbox 1252 1259 1284 1321; x_wconf 87' lang='lat' dir='ltr'><strong>et</strong></span> 
     </span>
    </p>
   </div>
   <div class='ocr_carea' id='block_1_3' title="bbox 163 1361 711 1660">
    <p class='ocr_par' dir='ltr' id='par_1_3' title="bbox 163 1361 711 1660">
     <span class='ocr_line' id='line_1_5' title="bbox 375 1361 482 1430; baseline 0.019 -4"><span class='ocrx_word' id='word_1_22' title='bbox 375 1361 482 1430; x_wconf 73' lang='lat' dir='ltr'><strong>scriba</strong></span> 
     </span>
     <span class='ocr_line' id='line_1_6' title="bbox 163 1467 711 1551; baseline 0.002 -18"><span class='ocrx_word' id='word_1_23' title='bbox 163 1472 351 1535; x_wconf 85' lang='lat' dir='ltr'><strong>tabentes</strong></span> <span class='ocrx_word' id='word_1_24' title='bbox 374 1468 561 1551; x_wconf 81' lang='lat' dir='ltr'>languentes</span> <span class='ocrx_word' id='word_1_25' title='bbox 584 1467 711 1534; x_wconf 80' lang='lat' dir='ltr'><strong>tabidos</strong></span> 
     </span>
     <span class='ocr_line' id='line_1_7' title="bbox 165 1575 655 1660; baseline -0.002 -20"><span class='ocrx_word' id='word_1_26' title='bbox 165 1578 261 1641; x_wconf 85' lang='lat' dir='ltr'><strong>tabe</strong></span> <span class='ocrx_word' id='word_1_27' title='bbox 283 1577 467 1642; x_wconf 89' lang='lat' dir='ltr'><strong>cousumcio</strong></span> <span class='ocrx_word' id='word_1_28' title='bbox 490 1575 655 1660; x_wconf 88' lang='lat' dir='ltr'><strong>corrupoio</strong></span> 
     </span>
    </p>
   </div>
   <div class='ocr_carea' id='block_1_4' title="bbox 40 1679 954 1874">
    <p class='ocr_par' dir='ltr' id='par_1_4' title="bbox 40 1679 954 1874">
     <span class='ocr_line' id='line_1_8' title="bbox 40 1679 954 1770; baseline -0.001 -22"><span class='ocrx_word' id='word_1_29' title='bbox 40 1761 42 1770; x_wconf 83' lang='lat'><em>.</em></span> <span class='ocrx_word' id='word_1_30' title='bbox 165 1679 277 1748; x_wconf 84' lang='lat' dir='ltr'><strong>tabes</strong></span> <span class='ocrx_word' id='word_1_31' title='bbox 300 1683 440 1748; x_wconf 85' lang='lat' dir='ltr'><strong>machies</strong></span> <span class='ocrx_word' id='word_1_32' title='bbox 464 1684 594 1750; x_wconf 83' lang='lat' dir='ltr'><strong>morbus</strong></span> <span class='ocrx_word' id='word_1_33' title='bbox 618 1681 769 1766; x_wconf 62' lang='lat' dir='ltr'><strong>cruoriis)</strong></span> <span class='ocrx_word' id='word_1_34' title='bbox 794 1682 954 1765; x_wconf 83' lang='lat' dir='ltr'><strong>sanguinis</strong></span> 
     </span>
     <span class='ocr_line' id='line_1_9' title="bbox 40 1781 720 1874; baseline 0 -20"><span class='ocrx_word' id='word_1_35' title='bbox 40 1781 41 1854; x_wconf 74' lang='lat' dir='ltr'><strong>i</strong></span> <span class='ocrx_word' id='word_1_36' title='bbox 164 1792 281 1855; x_wconf 81' lang='lat' dir='ltr'><strong>tabes</strong></span> <span class='ocrx_word' id='word_1_37' title='bbox 304 1791 470 1874; x_wconf 83' lang='lat' dir='ltr'><strong>corrupcio</strong></span> <span class='ocrx_word' id='word_1_38' title='bbox 495 1794 558 1857; x_wconf 85' lang='lat' dir='ltr'><strong>sive</strong></span> <span class='ocrx_word' id='word_1_39' title='bbox 582 1790 720 1855; x_wconf 81' lang='lat' dir='ltr'><strong>mechies</strong></span> 
     </span>
    </p>
   </div>
   <div class='ocr_carea' id='block_1_5' title="bbox 163 1896 1285 2301">
    <p class='ocr_par' dir='ltr' id='par_1_5' title="bbox 163 1896 1285 2195">
     <span class='ocr_line' id='line_1_10' title="bbox 163 1896 1284 1983; baseline 0.003 -22"><span class='ocrx_word' id='word_1_40' title='bbox 163 1896 269 1962; x_wconf 85' lang='lat' dir='ltr'><strong>taleo</strong></span> <span class='ocrx_word' id='word_1_41' title='bbox 292 1897 474 1964; x_wconf 77' lang='lat' dir='ltr'><strong>vicissitudo</strong></span> <span class='ocrx_word' id='word_1_42' title='bbox 499 1898 609 1963; x_wconf 89' lang='lat' dir='ltr'><strong>similis</strong></span> <span class='ocrx_word' id='word_1_43' title='bbox 633 1897 770 1964; x_wconf 81' lang='lat' dir='ltr'><strong>vindicte</strong></span> <span class='ocrx_word' id='word_1_44' title='bbox 791 1902 828 1963; x_wconf 88' lang='lat' dir='ltr'><strong>ut</strong></span> <span class='ocrx_word' id='word_1_45' title='bbox 850 1896 934 1962; x_wconf 88' lang='lat' dir='ltr'><strong>idem</strong></span> <span class='ocrx_word' id='word_1_46' title='bbox 972 1896 1119 1981; x_wconf 79' lang='lat' dir='ltr'><strong>paciatur</strong></span> <span class='ocrx_word' id='word_1_47' title='bbox 1151 1898 1284 1983; x_wconf 86' lang='lat' dir='ltr'><strong>quisque</strong></span> 
     </span>
     <span class='ocr_line' id='line_1_11' title="bbox 290 2003 1285 2091; baseline 0.003 -24"><span class='ocrx_word' id='word_1_48' title='bbox 290 2004 376 2088; x_wconf 90' lang='lat' dir='ltr'><strong>quod</strong></span> <span class='ocrx_word' id='word_1_49' title='bbox 400 2006 474 2071; x_wconf 86' lang='lat' dir='ltr'><strong>fecit</strong></span> <span class='ocrx_word' id='word_1_50' title='bbox 497 2013 532 2071; x_wconf 91' lang='lat' dir='ltr'><strong>ut</strong></span> <span class='ocrx_word' id='word_1_51' title='bbox 562 2004 633 2071; x_wconf 81' lang='lat' dir='ltr'><strong>illut</strong></span> <span class='ocrx_word' id='word_1_52' title='bbox 655 2003 752 2087; x_wconf 82' lang='lat' dir='ltr'><strong>legis:</strong></span> <span class='ocrx_word' id='word_1_53' title='bbox 785 2005 910 2071; x_wconf 91' lang='lat' dir='ltr'><strong>oculum</strong></span> <span class='ocrx_word' id='word_1_54' title='bbox 932 2027 991 2091; x_wconf 91' lang='lat' dir='ltr'><strong>pro</strong></span> <span class='ocrx_word' id='word_1_55' title='bbox 1030 2004 1120 2073; x_wconf 91' lang='lat' dir='ltr'><strong>oculo</strong></span> <span class='ocrx_word' id='word_1_56' title='bbox 1160 2005 1285 2072; x_wconf 85' lang='lat' dir='ltr'><strong>dentem</strong></span> 
     </span>
     <span class='ocr_line' id='line_1_12' title="bbox 287 2109 517 2195; baseline 0 -19"><span class='ocrx_word' id='word_1_57' title='bbox 287 2132 345 2194; x_wconf 89' lang='lat' dir='ltr'><strong>pro</strong></span> <span class='ocrx_word' id='word_1_58' title='bbox 369 2109 517 2195; x_wconf 65' lang='lat' dir='ltr'><strong>dentew)</strong></span> 
     </span>
    </p>

    <p class='ocr_par' dir='ltr' id='par_1_6' title="bbox 163 2216 835 2301">
     <span class='ocr_line' id='line_1_13' title="bbox 163 2216 835 2301; baseline 0 -18"><span class='ocrx_word' id='word_1_59' title='bbox 163 2221 275 2283; x_wconf 81' lang='lat' dir='ltr'><strong>taxet</strong></span> <span class='ocrx_word' id='word_1_60' title='bbox 297 2219 456 2301; x_wconf 83' lang='lat' dir='ltr'><strong>ponderat</strong></span> <span class='ocrx_word' id='word_1_61' title='bbox 478 2216 622 2283; x_wconf 85' lang='lat' dir='ltr'><strong>nominat</strong></span> <span class='ocrx_word' id='word_1_62' title='bbox 649 2217 751 2299; x_wconf 79' lang='lat' dir='ltr'><strong>tangit</strong></span> <span class='ocrx_word' id='word_1_63' title='bbox 833 2271 835 2274; x_wconf 90' lang='lat'>.</span> 
     </span>
    </p>
   </div>
   <div class='ocr_carea' id='block_1_6' title="bbox 40 2324 700 2392">
    <p class='ocr_par' dir='ltr' id='par_1_7' title="bbox 40 2324 700 2392">
     <span class='ocr_line' id='line_1_14' title="bbox 40 2324 700 2392; baseline -0.002 -2"><span class='ocrx_word' id='word_1_64' title='bbox 40 2375 41 2380; x_wconf 18' lang='grc' dir='ltr'>η</span> <span class='ocrx_word' id='word_1_65' title='bbox 163 2330 309 2390; x_wconf 80' lang='lat' dir='ltr'><strong>taxato</strong></span> <span class='ocrx_word' id='word_1_66' title='bbox 340 2328 481 2389; x_wconf 79' lang='lat' dir='ltr'><strong>subnexa</strong></span> <span class='ocrx_word' id='word_1_67' title='bbox 505 2324 554 2392; x_wconf 86' lang='lat' dir='ltr'><strong>vel</strong></span> <span class='ocrx_word' id='word_1_68' title='bbox 577 2324 700 2392; x_wconf 80' lang='lat' dir='ltr'><strong>intexto</strong></span> 
     </span>
    </p>
   </div>
   <div class='ocr_carea' id='block_1_7' title="bbox 164 2428 1090 2515">
    <p class='ocr_par' dir='ltr' id='par_1_8' title="bbox 164 2428 1090 2515">
     <span class='ocr_line' id='line_1_15' title="bbox 164 2428 1090 2515; baseline 0 -20"><span class='ocrx_word' id='word_1_69' title='bbox 164 2435 337 2496; x_wconf 80' lang='lat' dir='ltr'><strong>teatrum</strong></span> <span class='ocrx_word' id='word_1_70' title='bbox 360 2430 463 2496; x_wconf 91' lang='lat' dir='ltr'><strong>locum</strong></span> <span class='ocrx_word' id='word_1_71' title='bbox 488 2431 681 2515; x_wconf 82' lang='lat' dir='ltr'><strong>expectaculi</strong></span> <span class='ocrx_word' id='word_1_72' title='bbox 706 2430 809 2515; x_wconf 83' lang='lat' dir='ltr'><strong>(loeus</strong></span> <span class='ocrx_word' id='word_1_73' title='bbox 833 2436 882 2498; x_wconf 88' lang='lat' dir='ltr'><strong>est</strong></span> <span class='ocrx_word' id='word_1_74' title='bbox 904 2428 1090 2515; x_wconf 73' lang='lat' dir='ltr'><strong>spectaculi)</strong></span> 
     </span>
    </p>
   </div>
   <div class='ocr_carea' id='block_1_8' title="bbox 40 2539 668 2634">
    <p class='ocr_par' dir='ltr' id='par_1_9' title="bbox 40 2539 668 2634">
     <span class='ocr_line' id='line_1_16' title="bbox 40 2539 668 2634; baseline 0.002 -30"><span class='ocrx_word' id='word_1_75' title='bbox 40 2591 41 2604; x_wconf 67' lang='grc'>,</span> <span class='ocrx_word' id='word_1_76' title='bbox 167 2540 378 2634; x_wconf 61' lang='lat' dir='ltr'><strong>teotoratis</strong></span> <span class='ocrx_word' id='word_1_77' title='bbox 402 2546 486 2618; x_wconf 90' lang='lat' dir='ltr'><strong>tecto</strong></span> <span class='ocrx_word' id='word_1_78' title='bbox 511 2539 668 2625; x_wconf 76' lang='lat' dir='ltr'><strong>coopertis</strong></span> 
     </span>
    </p>
   </div>
   <div class='ocr_carea' id='block_1_9' title="bbox 166 2645 879 2730">
    <p class='ocr_par' dir='ltr' id='par_1_10' title="bbox 166 2645 879 2730">
     <span class='ocr_line' id='line_1_17' title="bbox 166 2645 879 2730; baseline -0.003 -18"><span class='ocrx_word' id='word_1_79' title='bbox 166 2651 252 2712; x_wconf 77' lang='lat' dir='ltr'><strong>tere</strong></span> <span class='ocrx_word' id='word_1_80' title='bbox 277 2647 400 2730; x_wconf 72' lang='lat' dir='ltr'><strong>(tecet)</strong></span> <span class='ocrx_word' id='word_1_81' title='bbox 424 2645 560 2712; x_wconf 82' lang='lat' dir='ltr'><strong>talamus</strong></span> <span class='ocrx_word' id='word_1_82' title='bbox 584 2647 678 2712; x_wconf 89' lang='lat' dir='ltr'><strong>limen</strong></span> <span class='ocrx_word' id='word_1_83' title='bbox 702 2646 767 2714; x_wconf 85' lang='lat' dir='ltr'><strong>sire</strong></span> <span class='ocrx_word' id='word_1_84' title='bbox 791 2648 879 2713; x_wconf 86' lang='lat' dir='ltr'><strong>frons</strong></span> 
     </span>
    </p>
   </div>
   <div class='ocr_carea' id='block_1_10' title="bbox 40 2721 1000 2936">
    <p class='ocr_par' dir='ltr' id='par_1_11' title="bbox 40 2721 1000 2936">
     <span class='ocr_line' id='line_1_18' title="bbox 40 2721 491 2819; baseline 0 -1"><span class='ocrx_word' id='word_1_85' title='bbox 40 2721 41 2774; x_wconf 46' lang='lat'>³</span> <span class='ocrx_word' id='word_1_86' title='bbox 166 2752 251 2818; x_wconf 82' lang='lat' dir='ltr'><strong>telo</strong></span> <span class='ocrx_word' id='word_1_87' title='bbox 274 2772 364 2818; x_wconf 80' lang='lat' dir='ltr'><strong>orme</strong></span> <span class='ocrx_word' id='word_1_88' title='bbox 387 2751 491 2819; x_wconf 82' lang='lat' dir='ltr'><strong>iacula</strong></span> 
     </span>
     <span class='ocr_line' id='line_1_19' title="bbox 40 2857 1000 2936; baseline 0.001 -11"><span class='ocrx_word' id='word_1_89' title='bbox 40 2917 42 2936; x_wconf 34' lang='grc'>;</span> <span class='ocrx_word' id='word_1_90' title='bbox 166 2865 267 2927; x_wconf 82' lang='lat' dir='ltr'><strong>teme</strong></span> <span class='ocrx_word' id='word_1_91' title='bbox 288 2882 402 2927; x_wconf 83' lang='lat' dir='ltr'><strong>norma</strong></span> <span class='ocrx_word' id='word_1_92' title='bbox 425 2864 528 2926; x_wconf 84' lang='lat' dir='ltr'><strong>forma</strong></span> <span class='ocrx_word' id='word_1_93' title='bbox 551 2859 685 2925; x_wconf 82' lang='lat' dir='ltr'><strong>materie</strong></span> <span class='ocrx_word' id='word_1_94' title='bbox 707 2864 801 2925; x_wconf 85' lang='lat' dir='ltr'><strong>tenor</strong></span> <span class='ocrx_word' id='word_1_95' title='bbox 825 2857 1000 2926; x_wconf 85' lang='lat' dir='ltr'><strong>similitudo</strong></span> 
     </span>
    </p>
   </div>
   <div class='ocr_carea' id='block_1_11' title="bbox 167 2966 1371 4234">
    <p class='ocr_par' dir='ltr' id='par_1_12' title="bbox 167 2966 1277 3036">
     <span class='ocr_line' id='line_1_20' title="bbox 167 2966 1277 3036; baseline 0 0"><span class='ocrx_word' id='word_1_96' title='bbox 167 2975 350 3036; x_wconf 86' lang='lat' dir='ltr'><strong>temetum</strong></span> <span class='ocrx_word' id='word_1_97' title='bbox 374 2970 480 3035; x_wconf 87' lang='lat' dir='ltr'><strong>vinum</strong></span> <span class='ocrx_word' id='word_1_98' title='bbox 505 2968 579 3033; x_wconf 83' lang='lat' dir='ltr'><strong>inde</strong></span> <span class='ocrx_word' id='word_1_99' title='bbox 602 2966 854 3034; x_wconf 87' lang='lat' dir='ltr'><strong>temulentus</strong></span> <span class='ocrx_word' id='word_1_100' title='bbox 1275 3029 1277 3036; x_wconf 80' lang='grc'>,</span> 
     </span>
    </p>

    <p class='ocr_par' dir='ltr' id='par_1_13' title="bbox 167 3077 1371 3250">
     <span class='ocr_line' id='line_1_21' title="bbox 167 3077 1371 3162; baseline -0.002 -20"><span class='ocrx_word' id='word_1_101' title='bbox 167 3083 346 3162; x_wconf 85' lang='lat' dir='ltr'><strong>tempora</strong></span> <span class='ocrx_word' id='word_1_102' title='bbox 364 3077 459 3144; x_wconf 34' lang='lat' dir='ltr'><strong>fanni</strong></span> <span class='ocrx_word' id='word_1_103' title='bbox 487 3083 638 3159; x_wconf 82' lang='lat' dir='ltr'><strong>quattuor</strong></span> <span class='ocrx_word' id='word_1_104' title='bbox 672 3096 727 3140; x_wconf 89' lang='lat' dir='ltr'><strong>ver</strong></span> <span class='ocrx_word' id='word_1_105' title='bbox 764 3083 870 3144; x_wconf 80' lang='lat' dir='ltr'><strong>aestas</strong></span> <span class='ocrx_word' id='word_1_106' title='bbox 907 3079 1076 3142; x_wconf 81' lang='lat' dir='ltr'><strong>autumnus</strong></span> <span class='ocrx_word' id='word_1_107' title='bbox 1106 3079 1138 3141; x_wconf 89' lang='lat' dir='ltr'><strong>et</strong></span> <span class='ocrx_word' id='word_1_108' title='bbox 1163 3096 1284 3160; x_wconf 78' lang='lat' dir='ltr'><strong>yomps.</strong></span> <span class='ocrx_word' id='word_1_109' title='bbox 1360 3080 1371 3091; x_wconf 86' lang='lat'><em>&#39;</em></span> 
     </span>
     <span class='ocr_line' id='line_1_22' title="bbox 380 3184 594 3250; baseline 0 -2"><span class='ocrx_word' id='word_1_110' title='bbox 380 3184 466 3250; x_wconf 77' lang='lat' dir='ltr'><strong>dicto</strong></span> <span class='ocrx_word' id='word_1_111' title='bbox 489 3191 594 3250; x_wconf 86' lang='lat' dir='ltr'><strong>autem</strong></span> 
     </span>
    </p>

    <p class='ocr_par' dir='ltr' id='par_1_14' title="bbox 168 3286 1288 3375">
     <span class='ocr_line' id='line_1_23' title="bbox 168 3286 1288 3375; baseline -0.004 -19"><span class='ocrx_word' id='word_1_112' title='bbox 168 3297 350 3375; x_wconf 81' lang='lat' dir='ltr'><strong>temporo</strong></span> <span class='ocrx_word' id='word_1_113' title='bbox 372 3291 447 3360; x_wconf 74' lang='lat' dir='ltr'><strong>aurii</strong></span> <span class='ocrx_word' id='word_1_114' title='bbox 469 3294 718 3374; x_wconf 84' lang='lat' dir='ltr'><strong>temperamento</strong></span> <span class='ocrx_word' id='word_1_115' title='bbox 747 3286 832 3371; x_wconf 89' lang='lat' dir='ltr'><strong>quod</strong></span> <span class='ocrx_word' id='word_1_116' title='bbox 856 3288 989 3356; x_wconf 87' lang='lat' dir='ltr'><strong>invicem</strong></span> <span class='ocrx_word' id='word_1_117' title='bbox 1011 3287 1070 3356; x_wconf 87' lang='lat' dir='ltr'><strong>sub</strong></span> <span class='ocrx_word' id='word_1_118' title='bbox 1093 3305 1204 3355; x_wconf 87' lang='lat' dir='ltr'><strong>umore</strong></span> <span class='ocrx_word' id='word_1_119' title='bbox 1226 3287 1288 3362; x_wconf 85' lang='lat' dir='ltr'><strong>sio·</strong></span> 
     </span>
    </p>

    <p class='ocr_par' dir='ltr' id='par_1_15' title="bbox 371 3395 1288 3481">
     <span class='ocr_line' id='line_1_24' title="bbox 371 3395 1288 3481; baseline -0.002 -17"><span class='ocrx_word' id='word_1_120' title='bbox 371 3397 467 3464; x_wconf 79' lang='lat' dir='ltr'><strong>citato</strong></span> <span class='ocrx_word' id='word_1_121' title='bbox 491 3396 596 3463; x_wconf 81' lang='lat' dir='ltr'><strong>calore</strong></span> <span class='ocrx_word' id='word_1_122' title='bbox 626 3405 658 3463; x_wconf 90' lang='lat' dir='ltr'><strong>et</strong></span> <span class='ocrx_word' id='word_1_123' title='bbox 681 3396 798 3481; x_wconf 82' lang='lat' dir='ltr'><strong>frigore</strong></span> <span class='ocrx_word' id='word_1_124' title='bbox 823 3402 1012 3480; x_wconf 83' lang='lat' dir='ltr'><strong>temperent.</strong></span> <span class='ocrx_word' id='word_1_125' title='bbox 1061 3416 1103 3472; x_wconf 86' lang='lat' dir='ltr'><strong>ec</strong></span> <span class='ocrx_word' id='word_1_126' title='bbox 1126 3403 1158 3462; x_wconf 85' lang='lat' dir='ltr'><strong>et</strong></span> <span class='ocrx_word' id='word_1_127' title='bbox 1188 3395 1288 3465; x_wconf 85' lang='lat' dir='ltr'><strong>curri·</strong></span> 
     </span>
    </p>

    <p class='ocr_par' dir='ltr' id='par_1_16' title="bbox 371 3503 1288 3587">
     <span class='ocr_line' id='line_1_25' title="bbox 371 3503 1288 3587; baseline -0.004 -13"><span class='ocrx_word' id='word_1_128' title='bbox 371 3506 444 3576; x_wconf 85' lang='lat' dir='ltr'><strong>culo</strong></span> <span class='ocrx_word' id='word_1_129' title='bbox 467 3506 615 3576; x_wconf 84' lang='lat' dir='ltr'><strong>dicuutur</strong></span> <span class='ocrx_word' id='word_1_130' title='bbox 638 3505 797 3587; x_wconf 80' lang='lat' dir='ltr'><strong>quianon</strong></span> <span class='ocrx_word' id='word_1_131' title='bbox 820 3510 906 3570; x_wconf 82' lang='lat' dir='ltr'><strong>stunt</strong></span> <span class='ocrx_word' id='word_1_132' title='bbox 929 3503 986 3574; x_wconf 86' lang='lat' dir='ltr'><strong>sed</strong></span> <span class='ocrx_word' id='word_1_133' title='bbox 1000 3509 1131 3572; x_wconf 85' lang='lat' dir='ltr'><strong>currunt</strong></span> <span class='ocrx_word' id='word_1_134' title='bbox 1150 3508 1186 3571; x_wconf 90' lang='lat' dir='ltr'><strong>et</strong></span> <span class='ocrx_word' id='word_1_135' title='bbox 1208 3524 1288 3570; x_wconf 86' lang='lat' dir='ltr'><strong>sem·</strong></span> 
     </span>
    </p>

    <p class='ocr_par' dir='ltr' id='par_1_17' title="bbox 373 3609 1286 3697">
     <span class='ocr_line' id='line_1_26' title="bbox 373 3609 1286 3697; baseline 0 -21"><span class='ocrx_word' id='word_1_136' title='bbox 373 3632 430 3697; x_wconf 89' lang='lat' dir='ltr'><strong>per</strong></span> <span class='ocrx_word' id='word_1_137' title='bbox 453 3612 485 3679; x_wconf 88' lang='lat' dir='ltr'><strong>in</strong></span> <span class='ocrx_word' id='word_1_138' title='bbox 510 3619 596 3678; x_wconf 91' lang='lat' dir='ltr'><strong>motu</strong></span> <span class='ocrx_word' id='word_1_139' title='bbox 621 3613 725 3697; x_wconf 86' lang='lat' dir='ltr'><strong>posito</strong></span> <span class='ocrx_word' id='word_1_140' title='bbox 747 3619 820 3678; x_wconf 85' lang='lat' dir='ltr'><strong>sunt</strong></span> <span class='ocrx_word' id='word_1_141' title='bbox 843 3617 875 3678; x_wconf 89' lang='lat' dir='ltr'><strong>et</strong></span> <span class='ocrx_word' id='word_1_142' title='bbox 897 3613 1062 3682; x_wconf 84' lang='lat' dir='ltr'><strong>momentis</strong></span> <span class='ocrx_word' id='word_1_143' title='bbox 1086 3610 1151 3677; x_wconf 89' lang='lat' dir='ltr'><strong>oris</strong></span> <span class='ocrx_word' id='word_1_144' title='bbox 1174 3609 1286 3686; x_wconf 78' lang='lat' dir='ltr'><strong>diebus</strong></span> 
     </span>
    </p>

    <p class='ocr_par' dir='ltr' id='par_1_18' title="bbox 246 3699 1286 3790">
     <span class='ocr_line' id='line_1_27' title="bbox 246 3699 1286 3790; baseline -0.003 -4"><span class='ocrx_word' id='word_1_145' title='bbox 246 3699 251 3708; x_wconf 39' lang='grc'><strong>’</strong></span> <span class='ocrx_word' id='word_1_146' title='bbox 373 3719 532 3786; x_wconf 88' lang='lat' dir='ltr'><strong>mensibus</strong></span> <span class='ocrx_word' id='word_1_147' title='bbox 548 3722 637 3783; x_wconf 80' lang='lat' dir='ltr'><strong>eunio</strong></span> <span class='ocrx_word' id='word_1_148' title='bbox 652 3717 762 3785; x_wconf 86' lang='lat' dir='ltr'><strong>lustris</strong></span> <span class='ocrx_word' id='word_1_149' title='bbox 777 3716 891 3786; x_wconf 79' lang='lat' dir='ltr'><strong>seculis</strong></span> <span class='ocrx_word' id='word_1_150' title='bbox 907 3723 941 3783; x_wconf 87' lang='lat' dir='ltr'><strong>et</strong></span> <span class='ocrx_word' id='word_1_151' title='bbox 955 3717 1078 3790; x_wconf 80' lang='lat' dir='ltr'><strong>cotibus</strong></span> <span class='ocrx_word' id='word_1_152' title='bbox 1093 3717 1286 3786; x_wconf 75' lang='lat' dir='ltr'><strong>dividuntur.</strong></span> 
     </span>
    </p>

    <p class='ocr_par' dir='ltr' id='par_1_19' title="bbox 374 3824 1286 3908">
     <span class='ocr_line' id='line_1_28' title="bbox 374 3824 1286 3908; baseline 0 -16"><span class='ocrx_word' id='word_1_153' title='bbox 374 3832 407 3893; x_wconf 85' lang='lat' dir='ltr'><strong>et</strong></span> <span class='ocrx_word' id='word_1_154' title='bbox 427 3847 485 3892; x_wconf 89' lang='lat' dir='ltr'><strong>nec</strong></span> <span class='ocrx_word' id='word_1_155' title='bbox 508 3833 632 3892; x_wconf 87' lang='lat' dir='ltr'><strong>centum</strong></span> <span class='ocrx_word' id='word_1_156' title='bbox 657 3824 733 3891; x_wconf 79' lang='lat' dir='ltr'><strong>enni</strong></span> <span class='ocrx_word' id='word_1_157' title='bbox 755 3845 853 3890; x_wconf 88' lang='lat' dir='ltr'><strong>uuum</strong></span> <span class='ocrx_word' id='word_1_158' title='bbox 881 3831 1005 3908; x_wconf 77' lang='lat' dir='ltr'><strong>tempus</strong></span> <span class='ocrx_word' id='word_1_159' title='bbox 1035 3830 1083 3891; x_wconf 88' lang='lat' dir='ltr'><strong>est</strong></span> <span class='ocrx_word' id='word_1_160' title='bbox 1111 3841 1172 3892; x_wconf 77' lang='lat' dir='ltr'><strong>nec</strong></span> <span class='ocrx_word' id='word_1_161' title='bbox 1195 3825 1286 3892; x_wconf 79' lang='lat' dir='ltr'><strong>nnius</strong></span> 
     </span>
    </p>

    <p class='ocr_par' dir='ltr' id='par_1_20' title="bbox 375 3931 1288 4016">
     <span class='ocr_line' id='line_1_29' title="bbox 375 3931 1288 4016; baseline 0.004 -16"><span class='ocrx_word' id='word_1_162' title='bbox 375 3933 525 4001; x_wconf 89' lang='lat' dir='ltr'><strong>mensium</strong></span> <span class='ocrx_word' id='word_1_163' title='bbox 551 3933 586 4016; x_wconf 87' lang='lat'><strong>(1.</strong></span> <span class='ocrx_word' id='word_1_164' title='bbox 611 3954 691 4000; x_wconf 87' lang='lat' dir='ltr'><strong>uuus</strong></span> <span class='ocrx_word' id='word_1_165' title='bbox 713 3931 845 4015; x_wconf 87' lang='lat' dir='ltr'><strong>mensis)</strong></span> <span class='ocrx_word' id='word_1_166' title='bbox 882 3951 940 3997; x_wconf 90' lang='lat' dir='ltr'><strong>nec</strong></span> <span class='ocrx_word' id='word_1_167' title='bbox 961 3931 1031 4000; x_wconf 89' lang='lat' dir='ltr'><strong>dies</strong></span> <span class='ocrx_word' id='word_1_168' title='bbox 1052 3951 1110 4000; x_wconf 83' lang='lat' dir='ltr'><strong>uec</strong></span> <span class='ocrx_word' id='word_1_169' title='bbox 1131 3954 1190 4002; x_wconf 85' lang='lat' dir='ltr'><strong>ore</strong></span> <span class='ocrx_word' id='word_1_170' title='bbox 1213 3932 1288 4015; x_wconf 73' lang='lat' dir='ltr'><strong>quia</strong></span> 
     </span>
    </p>

    <p class='ocr_par' dir='ltr' id='par_1_21' title="bbox 374 4037 1283 4126">
     <span class='ocr_line' id='line_1_30' title="bbox 374 4037 1283 4126; baseline 0.002 -20"><span class='ocrx_word' id='word_1_171' title='bbox 374 4041 452 4107; x_wconf 86' lang='lat' dir='ltr'><strong>haec</strong></span> <span class='ocrx_word' id='word_1_172' title='bbox 475 4040 581 4108; x_wconf 84' lang='lat' dir='ltr'><strong>omnio</strong></span> <span class='ocrx_word' id='word_1_173' title='bbox 604 4040 748 4126; x_wconf 86' lang='lat' dir='ltr'><strong>pertibus</strong></span> <span class='ocrx_word' id='word_1_174' title='bbox 780 4039 845 4105; x_wconf 88' lang='lat' dir='ltr'><strong>suis</strong></span> <span class='ocrx_word' id='word_1_175' title='bbox 876 4038 1022 4108; x_wconf 81' lang='lat' dir='ltr'><strong>accidunt</strong></span> <span class='ocrx_word' id='word_1_176' title='bbox 1059 4043 1091 4104; x_wconf 91' lang='lat' dir='ltr'><strong>et</strong></span> <span class='ocrx_word' id='word_1_177' title='bbox 1124 4037 1283 4108; x_wconf 79' lang='lat' dir='ltr'><strong>decidunt</strong></span> 
     </span>
    </p>

    <p class='ocr_par' dir='ltr' id='par_1_22' title="bbox 376 4145 1288 4234">
     <span class='ocr_line' id='line_1_31' title="bbox 376 4145 1288 4234; baseline -0.002 -19"><span class='ocrx_word' id='word_1_178' title='bbox 376 4148 535 4234; x_wconf 89' lang='lat' dir='ltr'><strong>quomodo</strong></span> <span class='ocrx_word' id='word_1_179' title='bbox 558 4169 654 4216; x_wconf 89' lang='lat' dir='ltr'><strong>unum</strong></span> <span class='ocrx_word' id='word_1_180' title='bbox 678 4147 845 4214; x_wconf 83' lang='lat' dir='ltr'><strong>dicendum</strong></span> <span class='ocrx_word' id='word_1_181' title='bbox 868 4155 915 4214; x_wconf 87' lang='lat' dir='ltr'><strong>est</strong></span> <span class='ocrx_word' id='word_1_182' title='bbox 939 4146 1023 4231; x_wconf 90' lang='lat' dir='ltr'><strong>quod</strong></span> <span class='ocrx_word' id='word_1_183' title='bbox 1046 4145 1139 4213; x_wconf 79' lang='lat' dir='ltr'><strong>simtss</strong></span> <span class='ocrx_word' id='word_1_184' title='bbox 1160 4149 1288 4213; x_wconf 88' lang='lat' dir='ltr'><strong>nonest</strong></span> 
     </span>
    </p>
   </div>
   <div class='ocr_carea' id='block_1_12' title="bbox 174 4292 383 4308">
    <p class='ocr_par' dir='ltr' id='par_1_23' title="bbox 174 4292 383 4308">
     <span class='ocr_line' id='line_1_32' title="bbox 174 4292 383 4308; baseline -0.01 -1"><span class='ocrx_word' id='word_1_185' title='bbox 174 4292 383 4308; x_wconf 50' lang='grc' dir='ltr'><strong>,ιι-ι*-</strong></span> 
     </span>
    </p>
   </div>
   <div class='ocr_carea' id='block_1_13' title="bbox 244 4377 634 4459">
    <p class='ocr_par' dir='ltr' id='par_1_24' title="bbox 244 4377 634 4459">
     <span class='ocr_line' id='line_1_33' title="bbox 244 4377 634 4459; baseline -0.013 -18"><span class='ocrx_word' id='word_1_186' title='bbox 244 4381 292 4454; x_wconf 79' lang='lat'><strong>20)</strong></span> <span class='ocrx_word' id='word_1_187' title='bbox 310 4398 407 4459; x_wconf 74' lang='lat' dir='ltr'><strong>evang.</strong></span> <span class='ocrx_word' id='word_1_188' title='bbox 426 4377 528 4437; x_wconf 76' lang='lat' dir='ltr'><strong>March.</strong></span> <span class='ocrx_word' id='word_1_189' title='bbox 547 4380 573 4452; x_wconf 80' lang='lat'><strong>5,</strong></span> <span class='ocrx_word' id='word_1_190' title='bbox 592 4380 634 4437; x_wconf 75' lang='lat'><strong>38.</strong></span> 
     </span>
    </p>
   </div>
   <div class='ocr_carea' id='block_1_14' title="bbox 0 0 1663 5342">
    <p class='ocr_par' dir='ltr' id='par_1_25' title="bbox 0 0 1663 5342">
     <span class='ocr_line' id='line_1_34' title="bbox 0 0 1663 5342; baseline 0 0"><span class='ocrx_word' id='word_1_191' title='bbox 0 0 1663 5342; x_wconf 95' lang='lat' dir='ltr'><strong> </strong></span> 
     </span>
    </p>
   </div>
  </div>
 </body>
</html>
