3292 5342
312 803 423 889 rieule,
441 805 745 888 eumbanavioula‚
762 806 907 891 pristis
922 805 1020 890 naus,
1037 807 1231 895 caupolus

312 914 465 996 navicula,
491 933 642 1000 pauper
663 934 770 982 naves.

115 1122 250 1192 llaehe
273 1125 374 1192 caude

117 1232 263 1299 machil
286 1237 391 1300 tunica
414 1234 524 1303 talaris
547 1258 617 1303 oum
640 1233 839 1304 tintinabulis

116 1340 303 1407 maehina
324 1343 509 1425 magnitudo
532 1342 703 1410 instructio

114 1449 381 1518 maehinatur
402 1459 497 1535 parat
518 1455 757 1533 argumentatur

117 1562 244 1624 macte
267 1557 369 1641 major
390 1556 472 1626 laste
497 1556 547 1624 uel
568 1562 660 1628 anule
681 1558 714 1623 in
735 1556 839 1641 glorie

116 1664 273 1732 maante
295 1674 328 1732 et
351 1664 516 1749 bussitudo
537 1673 586 1732 est
607 1671 640 1734 et
662 1662 820 1732 foramina
850 1663 965 1732 retium

118 1773 294 1839 maforte
317 1776 372 1838 aut
394 1778 571 1839 movente
595 1774 817 1840 vestimentum
838 1777 887 1842 est

117 1878 289 1964 magalia
313 1899 402 1946 casas
425 1881 601 1964 pastorales
631 1879 713 1946 idom
738 1887 770 1946 et
792 1878 968 1964 mapalia

117 1987 315 2068 malagma
337 1986 492 2054 medisina

118 2116 277 2161 mamzer
300 2094 340 2160 de
362 2101 470 2164 scorta
500 2100 595 2162 natus

118 2203 346 2271 mandatum
370 2201 487 2269 dietum
510 2204 598 2288 quod
621 2201 697 2270 olim
731 2204 766 2270 in
799 2201 970 2271 summissu
1000 2199 1129 2286 uegonio
1151 2198 1233 2270 alter
1310 2297 1313 2302 Ι
1423 2275 1427 2280 ,

373 2309 464 2376 alteri
486 2309 641 2393 manu(m)
666 2309 764 2376 dabat

120 2439 257 2486 manes
280 2422 312 2484 et
335 2416 379 2483 dii
402 2416 496 2484 inferi
534 2423 564 2484 et
587 2416 718 2486 umbrae
741 2420 808 2505 ejus
846 2422 878 2486 et
913 2415 1038 2486 animae
1076 2415 1131 2501 qni
1167 2411 1230 2482 allo

276 2531 424 2594 tenentur

118 2631 297 2699 manicas
320 2631 443 2699 rinoule
465 2638 592 2700 eatenus
614 2652 763 2700 mannum

119 2742 325 2808 mamlotus
348 2742 505 2823 gloriosus
894 2817 896 2822 ,

117 2847 313 2933 maniplos
334 2847 415 2932 legio
439 2853 536 2920 arene
559 2868 614 2918 eea
638 2846 687 2914 vel
709 2847 742 2916 X,
761 2844 849 2914 milia
871 2844 954 2916 viros

119 2954 346 3041 manipulus
370 2976 487 3023 cuneus
509 2977 590 3038 grex
610 2956 720 3039 morus
743 2959 871 3022 caterva

119 3064 325 3130 mandatus
349 3070 380 3128 et
404 3083 562 3129 mansus
585 3064 795 3129 manducatur

117 3190 250 3236 mansa
273 3170 463 3235 mandueata
486 3175 517 3235 et
540 3174 704 3238 mansueta

1 3312 2 3359 r
116 3276 381 3343 mantioulare
404 3274 553 3343 fraudare
576 3278 682 3342 furare
705 3293 781 3362 erge
856 3309 859 3314 ·

117 3384 406 3451 manticulatur
428 3385 550 3452 foreat
574 3391 606 3451 et
631 3384 714 3452 latro

115 3491 303 3560 manubia
326 3490 450 3576 expolio
472 3490 702 3562 maaneolleeta
721 3498 754 3559 et
777 3490 954 3560 exubieab
979 3488 1125 3560 exuendo
1147 3487 1231 3558 dicte

115 3598 347 3665 manumissi
372 3600 518 3666 dicuntur
543 3600 632 3682 qnasi
656 3620 749 3665 manu
773 3598 892 3666 emissa

116 3708 340 3773 marunieta
363 3705 482 3772 demini
505 3706 658 3774 maestus
681 3706 730 3772 rel
754 3706 898 3774 dominia
923 3710 1033 3772 noster
1054 3703 1156 3771 veniet

116 3813 384 3898 mastruga¹⁶l
408 3814 514 3882 vrestis
544 3812 671 3900 pellinis
693 3817 884 3883 rusticorum
921 3819 954 3882 et
992 3813 1109 3882 rustioa
1141 3811 1229 3899 quaet

417 3928 635 3992 monstruosa

115 4034 335 4098 matertera
358 4050 449 4098 aanor
472 4029 695 4116 matristqnasl
723 4030 827 4098 altera
849 4032 951 4096 namt

117 4157 271 4204 mavors
293 4146 451 4220 pugnator
473 4144 691 4207 movertem
715 4157 821 4224 pugna

187 4367 231 4441 lb)
248 4367 311 4441 Vgl.
331 4367 427 4426 Isidos.
446 4367 519 4439 XIX,
538 4370 581 4435 23,
600 4368 616 4424 b
634 4371 783 4425 mastruca.
