3292 5342
1192 628 1211 690 9

99 806 373 874 commentaoio
397 787 590 888 composicio
614 804 722 870 autin
746 825 822 870 vero
845 810 901 870 aut
928 801 961 871 in
984 801 1149 870 mendacio
1208 805 1212 820 ⁸

99 918 347 980 commentum
371 918 592 995 argumentum
616 912 664 976 vel
688 910 884 996 excogitacio

98 1019 312 1088 comesacio
335 1040 356 1084 a
378 1022 455 1086 satis
478 1018 673 1085 comedendo

103 1126 218 1193 comis
241 1125 352 1192 hilaris
376 1126 561 1193 commodus
583 1127 632 1192 vel
656 1128 759 1192 socius
856 1144 859 1150 ·

97 1238 267 1301 cominus
290 1253 390 1319 prope
412 1233 462 1299 vel
485 1232 580 1316 longe

97 1341 303 1408 comissum
324 1342 507 1406 mandatum
531 1338 581 1406 vel
604 1344 768 1424 peceatum

97 1451 211 1514 comit
233 1451 394 1533 componit
416 1447 467 1514 vel
490 1452 583 1514 ornat

98 1574 250 1639 compos
273 1556 338 1621 voti
360 1576 526 1640 possessor

97 1671 248 1746 compta
271 1662 350 1728 beno
374 1669 486 1729 ornata
507 1661 558 1729 vel
587 1662 693 1745 posite

99 1769 297 1854 compedes
321 1791 359 1837 eo
382 1771 466 1852 quod
490 1769 650 1836 continent
677 1767 776 1854 pedes

100 1897 192 1942 cona
214 1898 312 1961 poma
333 1876 489 1944 silvestria

101 1990 304 2050 concentus
325 1971 531 2069 plurimorum
556 1983 700 2051 canuno

101 2111 256 2158 concors
281 2092 465 2158 conveniens
488 2094 693 2157 consenciens

102 2198 265 2265 concreti
289 2198 373 2280 quod
395 2198 527 2265 adunati
551 2198 730 2282 conglobati

102 2312 316 2373 concretum
341 2306 543 2372 commixtum
568 2307 768 2389 coagulatum

103 2418 307 2481 concontet
336 2411 460 2480 dubitet

103 2524 349 2585 conountatur
373 2520 536 2586 dubitatur

103 2631 338 2694 concurrunt
361 2626 547 2694 conveniunt
569 2628 771 2695 consenoiunt

104 2755 304 2800 concursus
327 2745 497 2804 conventus
520 2736 568 2802 vel
592 2739 623 2801 in
646 2734 730 2801 bono
745 2737 796 2802 vel
816 2736 849 2804 in
866 2736 951 2803 malo

105 2861 306 2908 concussus
328 2842 466 2924 agitatus
489 2841 538 2907 vel
561 2842 763 2927 perturbatus

104 2949 214 3014 condi
238 2949 270 3015 in
293 2947 415 3033 genesis
437 2948 583 3034 poculum
609 2951 714 3017 sciffus
735 2956 848 3037 patera
871 2952 919 3020 vel
942 2958 1067 3020 cautum

105 3056 276 3123 confisus
297 3055 413 3124 fiducia
434 3057 545 3141 plenus

106 3164 321 3230 conflictum
344 3169 502 3231 certamen

106 3269 305 3337 confossus
327 3270 487 3355 iugulatus
509 3271 558 3340 vel
581 3271 756 3340 trucidatus

107 3377 331 3459 confragosa
354 3398 469 3463 aspera

1 3506 2 3513 ¹
107 3485 328 3551 conibenoia
351 3505 520 3553 consensus

107 3591 251 3686 conicio
276 3591 421 3658 existimo
445 3592 583 3660 arbitror

108 3698 278 3766 conicere
302 3701 480 3767 coniectura
501 3703 551 3768 vel
574 3706 760 3786 argomento
782 3701 947 3770 veritatem
973 3700 1119 3786 colligere

108 3805 286 3873 conictor'
304 3807 458 3892 interpres

109 3913 310 3980 conictnra
334 3915 569 3998 argumentacio
592 3914 642 3982 rel
664 3914 888 4000 interpretacio

110 4023 246 4089 conixa
260 4020 342 4089 sicut
362 4027 393 4087 et
412 4022 521 4089 enixa
534 4029 629 4108 partu
643 4021 745 4089 libera

109 4129 264 4196 conixus
287 4134 416 4196 conatus

111 4236 282 4304 conluvio
306 4238 509 4320 congregacio
537 4237 678 4307 sordium

112 4364 227 4411 canon
250 4345 444 4417 consuetudo
