3292 5342
155 767 271 833 febea
294 765 445 851 lampada

154 873 262 939 iebus
296 875 344 940 sol

151 977 289 1045 fecula
311 1001 372 1046 uva
399 980 522 1065 pinguis
546 983 679 1048 decocta

30 1177 31 1184 ἵ
151 1089 327 1154 fecunda
349 1086 464 1154 fertilis
487 1088 582 1173 plena

151 1192 291 1262 federa
314 1195 454 1263 amicitia
476 1196 585 1279 paccio

66 1397 68 1400 v
152 1306 267 1369 fedus
290 1312 417 1387 pactum
442 1304 593 1389 placitum
617 1302 737 1371 insacia

148 1408 346 1477 'iellibilis
369 1410 520 1478 subdolus

151 1519 335 1584 feminas
320 1521 440 1585 femora
465 1518 548 1584 idem
574 1524 606 1585 et
628 1517 791 1586 feminalia

150 1623 342 1692 ieniccum
375 1626 552 1694 coccineum
577 1627 729 1694 minatum
760 1645 887 1693 roseum

30 1759 31 1774 ι
152 1735 168 1800 f
174 1754 271 1799 enus
294 1755 391 1800 usura
413 1734 535 1800 lucrum

154 1840 301 1906 feralia
323 1840 468 1906 luctuosa
491 1838 624 1906 tristicia

154 1947 313 2013 fercula
337 1947 483 2013 missoria
506 1947 610 2014 discus

154 2052 262 2120 ier1a
284 2056 342 2120 a
327 2054 424 2120 fando
447 2053 532 2119 dicta
555 2074 591 2120 eo
615 2053 699 2137 qued
720 2052 898 2120 dominus
889 2076 922 2120 ιιι
944 2054 1100 2138 principio
1123 2074 1182 2139 per
1204 2056 1269 2121 sin-

280 2161 371 2243 gulos
395 2164 462 2230 dies
484 2161 540 2228 fiat
526 2162 597 2244 t.(l
622 2160 776 2244 feriat')
751 2183 816 2228 sive
837 2162 911 2245 quia
937 2161 1090 2229 sabbatus
1113 2163 1183 2229 ab
1173 2163 1267 2229 micio

284 2270 414 2335 feriatus
436 2269 533 2335 habet
519 2275 571 2335 t·n1
608 2274 640 2335 et
661 2273 701 2335 ab
725 2270 779 2337 illo
801 2270 905 2355 prima
926 2266 1006 2336 feria
1028 2269 1168 2336 secunda
1190 2268 1270 2336 feria

281 2381 313 2441 et
335 2375 482 2460 deinceps
504 2376 686 2442 nominatur

154 2480 236 2547 fert
241 2480 314 2547 ilis
337 2483 455 2549 fructus
478 2484 582 2549 ferens
604 2481 769 2550 abundans

153 2588 335 2656 feramen
358 2596 520 2675 peccatum
544 2590 661 2655 delicta
626 2593 799 2657 tcrimen

153 2698 234 2763 ieta
257 2695 426 2782 aliquoties
449 2699 553 2782 plena,
577 2696 744 2782 aliquoties
767 2697 883 2764 liberta

30 2827 32 2882 l
154 2801 275 2870 fibris
298 2808 420 2872 uiscera

154 2910 237 2977 fida
260 2919 345 2978 certa

154 3018 389 3086 lidusccrtus
506 3065 511 3071 ·

154 3122 302 3193 fidibus
323 3127 397 3194 fidis
420 3125 516 3192 corde

155 3230 325 3299 fidicina
348 3233 403 3317 qni
425 3232 530 3299 cerdis
554 3234 638 3299 canit
660 3233 713 3317 qui
736 3234 833 3301 cortit
861 3233 936 3317 (leg.
960 3231 1058 3317 canit)
1081 3234 1179 3300 arista

154 3336 332 3405 fidicula
355 3338 514 3406 citaredus
537 3338 620 3406 idem
643 3345 676 3405 et
697 3340 811 3407 fidicen
834 3340 888 3424 qui
916 3341 950 3407 in
972 3338 1087 3406 fidibus
1110 3339 1195 3409 canit

154 3443 278 3527 iigida
299 3447 363 3513 tela
386 3468 406 3512 a
426 3447 554 3532 figendo
577 3448 664 3515 dicta

155 3550 269 3620 fimus
298 3561 420 3621 stercus

155 3662 354 3731 finitimus
376 3663 539 3749 proximus
561 3662 728 3729 finitima
749 3664 897 3750 proxima

156 3771 262 3837 fison
284 3771 352 3856 ipsc
374 3779 423 3838 est
445 3780 476 3838 et
499 3791 616 3855 ganges

155 3876 291 3945 fistula
312 3878 396 3946 dicta
419 3880 503 3964 quad
527 3900 635 3946 vocem
657 3877 772 3946 emittit

155 3985 215 4051 fos
244 4006 338 4070 greca
360 4007 422 4053 vox
444 3985 557 4052 dicitur
579 3984 663 4053 stola
684 3985 781 4054 missa

156 4092 285 4160 ilabos
308 4093 425 4161 rubeos

32 4171 33 4210 ¹
157 4198 171 4263 f

156 4310 171 4380 s

174 4199 286 4268 labra
308 4204 393 4269 venti

172 4308 287 4398 lagra
309 4309 441 4379 verbera
464 4308 646 4378 diminutive
671 4306 836 4398 flagella
