3292 5342
187 833 418 901 hisco
467 835 687 920 aperio

184 940 431 1007 hiscis
478 942 690 1026 aperis

1 1008 26 1172 J.
184 1021 551 1132 hisq⁶uior
597 1050 712 1113 hos
760 1045 979 1131 aperio
1021 1046 1285 1132 loquens

183 1154 458 1219 hiulca
506 1154 706 1220 divisa
754 1161 979 1237 aperta
1022 1158 1217 1221 scissa
1263 1156 1412 1222 fissa

184 1259 491 1334 hiulcus
537 1266 765 1344 patens
813 1268 1097 1344 apertum
1150 1260 1247 1327 vel
1291 1267 1514 1345 pastor
1601 1275 1606 1281 ’

1 1429 2 1436 ἶ
185 1368 502 1434 hoccine
550 1389 624 1435 oc
669 1389 832 1434 vero·
868 1368 1028 1433 sicut
1071 1368 1319 1434 iccine
1382 1374 1444 1435 et
1489 1367 1757 1451 eccine

1 1475 3 1582 l
186 1475 488 1543 holitor
537 1478 862 1544 ortolanus
905 1475 1190 1542 holerum
1256 1475 1462 1545 cultor

188 1583 503 1649 homina
549 1604 746 1665 agura
795 1582 861 1666 (1.
915 1583 1208 1666 auguria)

184 1689 424 1756 honos
471 1691 680 1773 gratia
724 1690 996 1758 honor
1042 1690 1313 1771 dignitas

185 1796 469 1864 horror
516 1799 596 1864 de
640 1804 812 1866 metu
857 1797 1150 1866 horror
1225 1799 1306 1866 de
1353 1796 1752 1881 turpitudine
1826 1805 1889 1865 et
1930 1797 2220 1866 horr-or
2268 1801 2420 1865 diei*

506 1925 646 1971 mus
690 1903 769 1970 de
814 1925 1009 1971 onore

1 1984 2 2052 ¹
186 2008 636 2095 heridipeta
679 2012 786 2095 qui
832 2011 1253 2077 hereditatem
1297 2012 1459 2095 petit

187 2118 481 2203 hospes
530 2124 593 2184 et
637 2122 744 2203 qui
793 2118 1070 2203 suscepit
1116 2124 1178 2184 et
1225 2118 1332 2203 qui
1378 2118 1721 2203 suscipitur
1767 2125 2031 2186 vocatur

186 2346 270 2417 Ia
290 2349 397 2416 cit
444 2349 641 2417 iactat
688 2352 889 2435 spacit
936 2350 1128 2416 mittit

187 2456 441 2523 iactat
486 2450 831 2536 extollitur,
895 2456 1043 2523 inde
1090 2463 1154 2524 et
1197 2458 1596 2524 iat-,tancia
1643 2463 1710 2524 et
1752 2457 2059 2526 iactans

1 2529 3 2608 7
186 2562 496 2631 iactura
543 2562 850 2635 damnans
912 2564 961 2647 (l
1032 2564 1357 2650 damnum)

186 2670 488 2755 iapicis
535 2671 739 2755 spolia

1 2617 6 2859 i
186 2776 496 2844 ibiscus
542 2798 738 2860 genus
782 2776 1037 2860 virgulti
1087 2777 1250 2843 unde
1283 2777 1578 2861 Virgilius
1609 2775 1729 2862 ι-’);
1781 2783 1845 2845 et
1874 2776 2094 2862 gracili
2123 2776 2420 2846 fiscellam

449 2936 455 2942 .
551 2884 710 2950 texit
755 2883 948 2951 ibisco

190 2988 394 3056 ictus
443 3011 777 3074 percussus

190 3096 625 3164 identidem
675 3096 840 3163 idem
890 3097 1093 3181 ipsum
1144 3097 1329 3165 valde
1376 3099 1586 3167 denuo
1628 3104 1695 3164 et
1738 3098 1967 3165 iterum

191 3202 652 3271 idolotitum
698 3202 1128 3272 idolodatum-
1179 3239 1184 3252 ·

190 3308 570 3377 idolatita
626 3311 956 3379 idoladata

190 3415 375 3482 idus
422 3417 534 3483 alii
579 3423 661 3486 ab
710 3419 956 3485 edendo
1002 3420 1238 3504 epulas,
1286 3418 1396 3486 alii
1442 3440 1483 3486 a
1510 3417 1743 3487 diebus
1788 3418 1972 3485 nonis
2019 3423 2083 3485 et
2125 3417 2420 3486 nundinia

417 3524 537 3591 dici
581 3527 915 3594 voluerunt

1 3596 4 3743 J
188 3629 496 3712 ignavia
541 3633 906 3715 ignorancia
947 3633 1215 3718 pigricia

190 3738 510 3822 ignavus
556 3740 785 3807 stultus
834 3740 1015 3825 piger

191 3843 410 3911 iliaci
456 3845 689 3913 troiani

191 3951 216 4016 i
233 3974 292 4017 m
311 3953 330 4017 i
349 3960 379 4020 t
394 3974 436 4018 u
452 3974 482 4019 s
529 3952 892 4019 medullitus
949 3951 1228 4018 funditus

193 4060 608 4146 imperitat
652 4061 1011 4145 frequenter
1053 4061 1328 4147 imperat

341 4382 431 4458 13)
466 4381 663 4455 Eulog.
702 4382 786 4454 10,
822 4381 906 4440 71.
