3292 5342
96 858 97 861 ,
169 804 363 874 rabamini
386 807 626 875 arbitrabamini

171 920 294 980 ratum
316 917 440 981 firmum
466 912 579 981 stabile
602 912 695 983 fidele
719 920 839 982 certum
864 917 961 983 fixum

168 1022 286 1086 rebar
309 1020 490 1088 arbitrabar

168 1127 364 1193 rebamini
388 1129 587 1198 arbitramini

169 1239 340 1306 reboare
364 1235 502 1305 clamare

168 1348 356 1411 reeensat
379 1350 412 1410 at
434 1344 610 1413 accensit
634 1367 729 1412 uuum
752 1344 876 1427 signum
903 1345 936 1414 id
961 1353 1008 1413 est
1032 1344 1286 1412 consideratum·

380 1453 484 1517 marat
886 1460 892 1472 '

167 1554 306 1639 religit
328 1560 527 1640 recognoscit

168 1670 354 1747 receptat
376 1664 490 1748 recipit

165 1771 349 1837 recidiva
371 1778 551 1838 restaurata
573 1790 612 1838 ex
640 1771 740 1839 ruinis

163 1878 351 1945 recinunt
373 1885 501 1948 cantant
524 1885 579 1946 ant
602 1882 708 1948 cantui
736 1878 929 1963 respondent

167 1984 432 2069 reciperandi
456 1992 489 2052 et
510 1986 779 2072 recuperandi
802 1992 836 2053 et
857 1986 1031 2072 recipiendi

165 2091 330 2174 recipio
353 2101 482 2177 accepto
506 2093 620 2178 colligo

168 2197 384 2282 reciproca
405 2198 530 2266 reddita

171 2305 482 2373 reclinatorium
508 2306 592 2392 qnod
616 2310 711 2391 caput
734 2305 916 2374 reclinantis
938 2306 1073 2374 sustinet

170 2410 266 2479 reda
288 2432 386 2496 genus
410 2413 521 2480 veiculi
546 2421 695 2498 quattuor
718 2418 815 2480 abens
844 2420 932 2481 rotas

168 2520 346 2587 redamat
371 2527 478 2589 mutuo
502 2520 606 2602 diligit

168 2626 362 2694 redibere
384 2613 521 2696 reddere
539 2629 698 2697 redimere
720 2635 961 2713 repraesentare

168 2735 444 2803 redimiculum
469 2741 689 2831 ornamentum
713 2736 849 2817 ligamen
872 2736 997 2803 mittere
1021 2733 1130 2820 (mitra
1140 2733 1170 2819 l)

168 2842 327 2908 reditus
349 2843 486 2910 reversio
510 2843 631 2910 lucrum
666 2853 721 2910 aut
743 2846 863 2910 fructus

170 2951 393 3017 redivivae
416 2958 518 3018 morte
541 2952 593 3019 vel
614 2972 635 3018 a
656 2958 813 3020 vetustate
836 2955 987 3019 revocata

169 3059 251 3126 reri
274 3060 422 3127 aetimare

169 3165 309 3233 refello
333 3187 445 3234 recuso
466 3167 569 3234 refuto
593 3188 691 3234 renuo

170 3272 342 3341 refersit
363 3274 496 3359 replevit
518 3274 683 3341 referta
706 3272 800 3357 plena

170 3483 294 3555 Safon
308 3487 351 3572 ¹⁹)
375 3487 407 3554 iu
429 3508 527 3572 prora
549 3489 637 3555 navis
660 3488 783 3573 positus

171 3615 294 3677 sagax
317 3602 427 3660 acutia
450 3595 562 3663 sollers
583 3596 715 3679 vigilans

171 3702 425 3769 salamandra
455 3722 582 3787 serpeus
616 3703 668 3785 qui
691 3703 724 3768 in
747 3701 818 3785 igue
841 3701 907 3768 siue
931 3698 1042 3768 dolore
1065 3705 1098 3766 et
1119 3720 1285 3768 censuma-

448 3811 539 3878 eione
563 3810 638 3878 visit
662 3815 694 3878 et
711 3812 817 3876 omnia
832 3814 986 3876 venenata
1001 3808 1151 3876 animalia
1165 3828 1282 3876 veneno

448 3922 577 4002 superat

171 4023 378 4092 salebrosa
399 4026 451 4092 ria
473 4047 589 4110 aspera
609 4026 694 4092 idem
718 4030 749 4090 et
770 4026 899 4091 salebra

172 4131 363 4199 saliuncii
384 4134 497 4202 sabaeo
518 4133 561 4201 ab
583 4154 623 4201 eo
645 4135 731 4219 quod
752 4134 817 4200 cito
839 4135 982 4199 crescant

170 4294 381 4307 1*-

241 4366 288 4439 19)
305 4366 364 4424 scil.
382 4363 465 4421 funis.
