3292 5342
145 755 367 828 Galbanum
391 781 482 827 sucus
505 758 545 826 de
569 760 669 827 leruia
693 759 767 844 (leg.
791 758 907 844 ferula)
924 760 950 846 Β)

142 868 277 952 galera
300 867 499 935 calamaucos
522 866 678 951 pelliceos,
702 866 774 933 inde
795 867 906 950 galea
929 868 968 933 de
991 869 1078 935 eoric
1102 868 1186 935 dicta

139 972 276 1058 galate
307 974 382 1058 galli
407 996 476 1040 esse
499 981 672 1041 noscuntur
707 974 759 1056 qui
782 975 815 1052 in
838 974 987 1041 auxilium
1012 996 1032 1040 a
1055 994 1129 1056 rege
1153 974 1262 1041 bitinia

304 1080 427 1147 evocati
461 1102 592 1164 regnum
623 1103 695 1148 cum
719 1102 756 1147 eo
779 1088 909 1165 peraeta
931 1082 1065 1149 uictoria
1089 1083 1262 1148 diviserunt

302 1189 408 1272 sicque
446 1186 559 1254 deinde
603 1187 704 1271 grecis
742 1188 875 1255 admixti
912 1188 1016 1272 primo
1061 1188 1262 1271 gallo-greci

302 1315 383 1360 nunc
420 1315 458 1359 ex
496 1294 627 1379 antiqno
651 1295 808 1377 gallorum
842 1296 968 1362 nomine
991 1295 1148 1379 gallorum
1188 1295 1260 1379 (leg.

301 1402 422 1487 galate)
461 1412 678 1487 nuncupantur
713 1412 745 1470 et
779 1425 889 1470 eorum
914 1402 1000 1486 regie
1036 1403 1154 1485 galatia
1186 1424 1262 1470 nun·

304 1516 439 1593 cupatur
452 1508 479 1592 9)

144 1637 271 1701 ganea
294 1616 427 1683 taberna

144 1744 272 1808 ganeo
295 1723 493 1791 tabernarius

142 1853 276 1915 ganeo
300 1832 403 1917 glutto

142 1961 269 2025 ganeo
295 1939 473 2006 luxuriosus

142 2068 294 2132 ganges
317 2048 430 2116 fiuviua
453 2045 535 2114 idem
560 2053 593 2113 et
615 2048 697 2113 fison

141 2155 341 2240 genimina
364 2154 508 2238 germina
531 2154 697 2237 generacio

142 2267 300 2349 genium
322 2265 428 2333 honor
450 2273 504 2332 aut
528 2263 665 2347 dignitas

142 2372 315 2455 genuina
337 2370 492 2454 generalis

142 2505 253 2568 geron
276 2487 324 2550 vir
346 2482 439 2550 fortis

142 2589 309 2676 gerulus
333 2591 457 2657 baiulus

141 2698 290 2785 gerula
312 2698 420 2765 nutrix

142 2808 273 2891 gestio
297 2806 404 2873 exulto
427 2806 520 2890 cupio
541 2806 667 2888 gaudeo

142 2921 281 2997 gestus
305 2921 412 2981 motus
435 2914 578 2997 corporis

144 3030 347 3104 geumeter
370 3042 496 3088 mensor
519 3019 588 3105 agri

144 3130 301 3212 gimnus
324 3128 426 3194 nudus
449 3128 531 3194 unde
554 3132 586 3193 ct
610 3126 853 3212 gimnaeium
879 3126 994 3194 dicitur
1009 3126 1096 3192 locus
1111 3123 1167 3191 ubi
1187 3123 1264 3189 nudi

322 3235 524 3302 luctabantur

144 3343 306 3429 glaucus
328 3342 417 3410 color
439 3342 549 3409 viridia
573 3340 745 3410 nebulosus
767 3340 965 3425 ferrugineus

144 3452 266 3537 glebo
289 3451 426 3519 rusticus
449 3457 558 3518 arator

145 3558 285 3641 glescit
308 3559 420 3625 crescit

145 3666 279 3751 globat
302 3673 428 3734 acervat

146 3896 330 3967 Habilem
354 3903 463 3984 aptum

218 4219 247 4290 8)
265 4217 329 4292 Vgl.
349 4217 446 4274 laidor.
465 4215 553 4286 xvn,
571 4217 597 4287 9,
614 4216 658 4272 95.

217 4310 247 4387 9)
264 4309 305 4365 Zu
325 4307 430 4364 (liccem
448 4306 560 4362 Artikel
579 4306 689 4362 atimmt
708 4303 871 4377 vorafiglich
889 4303 940 4361 dae
957 4302 1082 4361 Lexiccn
1099 4299 1265 4359 Salomonis.
