3292 5342
338 637 377 702 18

335 812 575 881 exercitatus
599 812 647 880 vel
671 812 704 880 in
729 818 798 881 arte
821 811 870 880 vel
893 816 925 880 in
949 807 1094 881 doctriua
1114 808 1247 898 paratus

335 925 457 991 exerit
480 923 584 1009 aperit
606 920 731 1008 profert

334 1036 468 1099 exesto
491 1036 603 1115 aperto
625 1028 746 1097 nudato
769 1028 818 1097 vel
843 1027 965 1096 elevato

335 1159 484 1205 exesum
508 1144 663 1204 amestum
689 1143 908 1221 consumptum

334 1244 463 1311 exibet
486 1243 705 1310 subministrat
728 1243 863 1328 largitur
886 1242 948 1308 lert
970 1245 1114 1326 praestat

334 1351 449 1419 exilis
472 1356 572 1419 tenuis
593 1354 719 1438 jejunus

335 1460 490 1543 exiligit
512 1457 593 1542 sugit
617 1458 715 1526 evasit

335 1567 471 1633 eximie
500 1566 626 1651 egregie
648 1565 814 1649 magnifice

335 1674 494 1740 eximius
516 1672 706 1756 magnificus
728 1672 845 1741 nobilis

334 1781 465 1848 eximit
490 1779 619 1865 expellit
642 1778 749 1846 educit

335 1888 581 1973 exinproviso
605 1890 709 1954 subito
733 1892 863 1973 repente
886 1883 1048 1971 inopinate

335 1996 548 2079 excipitare
572 1995 710 2062 oscitare

335 2101 498 2169 exiciale
521 2104 657 2168 mortale

336 2205 496 2276 exicium
521 2211 688 2277 calamitas
712 2231 800 2277 mors
822 2206 998 2294 periculum

335 2338 379 2383 ex
403 2315 537 2384 obtato
567 2339 606 2384 ex
627 2323 703 2384 voto
729 2316 885 2383 desiderio
911 2315 959 2382 vel
984 2314 1146 2382 voluntate

336 2423 528 2491 exolescit
552 2425 708 2491 evanescit
741 2424 779 2490 de
809 2425 966 2491 memoria
989 2426 1062 2504 exit,
1099 2420 1193 2488 aliter
1231 2420 1456 2488 exolescere

547 2531 711 2599 abundare

336 2659 495 2707 exorsus
517 2638 604 2725 loqui
628 2642 714 2724 cepit

337 2752 491 2813 exortus
519 2755 613 2814 uatus

336 2875 380 2919 ex
403 2855 555 2922 ossibus
579 2875 757 2940 exgenere

337 2983 491 3028 exosum
515 2961 631 3029 odibile
655 2963 800 3030 odiosum

336 3070 534 3154 expediam
561 3071 631 3136 dico
655 3070 856 3137 manifestum

336 3177 540 3263 expeditur
563 3179 727 3263 peragitur
750 3177 911 3262 perficitur
936 3176 1123 3241 terminatur

336 3286 517 3370 experiar
538 3285 681 3369 probabo
704 3305 892 3367 cognoscam
918 3283 1033 3349 certior
1055 3284 1130 3349 fiam

337 3392 574 3476 experieucia
597 3391 770 3476 prudencia
796 3389 955 3457 industria

337 3519 474 3583 expers
496 3505 612 3580 guarus
640 3499 704 3565 sive
726 3499 880 3582 probatus

337 3628 448 3693 expes
472 3607 539 3673 siue
563 3628 619 3690 spe

338 3714 509 3800 expiatus
533 3713 701 3782 mundatus

266 3812 268 3816 ’
338 3823 572 3907 expilatores
597 3822 698 3888 aliene
721 3818 907 3887 hereditatis
932 3818 1133 3886 subversores

338 3930 504 4016 explosis
528 3931 665 3998 excussis
688 3938 744 3996 aut
768 3928 973 3996 exclusisset
997 3929 1075 3996 ioris
1098 3927 1201 3994 missis

338 4041 535 4119 exsanguis
568 4037 721 4103 exanimis

338 4146 519 4231 exsequio
542 4148 723 4232 prosecucio
746 4143 863 4211 funeris

340 4256 490 4322 exilium
515 4254 630 4321 dictum
655 4251 746 4338 quasi
770 4259 861 4317 extra
884 4250 953 4320 solo

339 4364 496 4431 exicium
525 4383 608 4449 peno
632 4360 794 4428 calamitas

928 4849 955 4904 i·

531 4925 1162 5303 Aa
