3292 5342
356 658 404 721 ¹34

358 832 621 919 pastinantes
649 831 826 919 plantantes

358 940 574 1025 pastinavit
598 940 680 1009 fodit
702 940 909 1009 circumdedit

360 1168 572 1259 Quadraus
594 1182 730 1241 vocatur·
749 1173 833 1257 quod
856 1178 1004 1259 quartam
1027 1177 1152 1257 partem
1181 1171 1292 1240 unciae
1315 1167 1477 1256 adpendat
1599 1157 1601 1238 Ι

361 1281 497 1363 quatit
520 1283 656 1349 concutit
679 1281 785 1348 bibrat
807 1284 926 1366 crispat
950 1285 1134 1365 contorquet
1184 1311 1186 1315 ·
1600 1281 1601 1286 ’

359 1390 542 1472 quatitur
566 1371 741 1455 concutitur
763 1395 877 1454 tremet
892 1394 1035 1454 movetur
1050 1386 1202 1454 formidat
1216 1391 1305 1452 natat
1320 1384 1354 1468 (l.
1370 1382 1476 1469 nutat)
1599 1371 1601 1510 Ι

570 1495 697 1563 vacillat
720 1496 810 1562 timet
832 1495 970 1579 trepidat

359 1608 515 1686 quaxat
538 1622 615 1668 rana
638 1605 752 1669 clamat

360 1709 547 1792 queritat
569 1709 686 1776 clamat
710 1710 814 1795 querit
840 1716 945 1776 movet

358 1816 593 1901 queritatur
616 1817 792 1901 queritatur
815 1817 1006 1884 vociferatur

358 1924 545 2008 queritur
566 1931 714 1990 causatur
737 1934 864 1992 accusat
887 1923 1079 2008 querellatur

359 2031 546 2112 querulus
577 2033 631 2117 qni
655 2032 816 2117 querelam
838 2033 936 2098 infert
958 2033 1023 2099 sive
1045 2033 1188 2118 queritur

359 2139 630 2221 questionavit
654 2139 841 2224 perquisivit
860 2140 1050 2208 examinavit

360 2247 665 2329 questionarius
689 2250 832 2332 quesitor
853 2248 939 2314 idem
968 2258 1000 2315 et
1024 2246 1166 2333 queritur
1189 2244 1370 2333 (questuri)

360 2363 534 2437 questus
557 2356 679 2425 lucrum
703 2359 879 2444 adquisitio
903 2365 934 2425 et
956 2358 1097 2445 querella

359 2463 491 2546 quidni
516 2465 591 2547 quid
614 2465 674 2531 nisi
699 2465 733 2550 (l.
758 2468 834 2551 quid
856 2467 933 2552 non)
958 2468 1032 2532 nisi
1055 2466 1233 2552 quidhoc
1256 2464 1361 2550 potius

360 2570 454 2653 quin
477 2572 617 2655 pocius
639 2573 740 2656 magis
763 2576 828 2640 imo
850 2574 909 2641 nisi
933 2594 1007 2640 vero

353 2799 560 2870 'Ramenta
583 2811 744 2872 eramenta
768 2812 800 2871 et
822 2828 935 2872 rasura

357 2918 572 2977 ramentum
595 2934 719 2978 ramum
742 2918 887 2979 tenerum
912 2920 944 2979 et
967 2913 1092 2980 aridum

357 3021 575 3085 ramicosus
599 3020 740 3088 erniosuo

357 3145 517 3192 ramnus
541 3128 631 3211 spina
658 3126 729 3193 alba

356 3231 603 3298 rabtaberat
631 3242 782 3316 rapuerat

356 3340 511 3422 rapiter
534 3338 716 3424 frequenter
738 3342 847 3426 rapiar

357 3448 504 3529 raptim
529 3446 674 3513 celeriter
697 3451 784 3515 ocius
810 3450 908 3515 cicius
931 3452 1044 3516 cursim
1168 3444 1173 3454 ’

356 3554 608 3619 rarimantes
631 3554 784 3620 rimantes
808 3539 900 3640 porci
923 3555 1025 3636 (rari
1049 3556 1220 3642 paucine)

355 3666 447 3726 rata
469 3659 675 3744 acceptabilia

356 3766 603 3835 ratiarbitrati

356 3977 568 3991 ----—...

429 4105 475 4174 18)
492 4106 583 4163 Gloss.
602 4105 704 4162 Salom.

355 4196 427 4252 rari
445 4196 528 4264 pauci
601 4259 604 4264 7

355 4286 580 4348 rarimantou
598 4286 731 4341 rimantes

355 4376 428 4436 rari
446 4379 571 4434 nautes
588 4376 671 4447 pauci
687 4378 826 4433 nemetes.
