3292 5342
359 598 415 678 aa

361 790 495 873 flagra
517 789 616 857 adora
640 787 770 872 (odora)

360 895 512 977 flagrat
535 896 635 978 ardet,
660 896 835 978 flagrans
858 895 972 959 ardens

361 1003 520 1071 florulis
544 1025 619 1087 ager
642 1002 788 1086 optimus,
813 1001 887 1067 ideo
911 999 1065 1067 florida
1086 1021 1160 1065 rura

360 1109 553 1184 formosus
592 1112 737 1176 aformc
760 1109 882 1189 dictus3
917 1109 1054 1174 formum
1088 1108 1172 1174 enim
1196 1115 1319 1174 veteres
1342 1105 1480 1173 calidum

594 1216 740 1282 dixerunt
778 1224 810 1282 et
842 1218 985 1299 fervens;
1029 1217 1135 1281 fervor
1174 1214 1257 1282 eninr
1294 1213 1479 1296 sangninem

597 1332 704 1391 movet
726 1326 854 1405 sanguis
879 1322 1120 1406 pulcritudinem

362 1431 515 1498 fornice
539 1439 707 1498 curvatura
729 1450 820 1496 arcus
844 1427 893 1495 vel
917 1448 1041 1495 camera
1148 1435 1153 1448 ⁴

358 1537 590 1606 fornicibus
612 1538 646 1602 id
669 1544 717 1603 est
740 1537 820 1602 arcis
851 1542 1012 1604 contracta

267 1651 278 1672 ⁸
364 1645 538 1713 fortuna
575 1645 709 1711 fortuitu
731 1645 863 1712 ueniens
900 1650 933 1710 et
964 1642 1032 1710 sine
1065 1641 1268 1727 providencia
1299 1640 1364 1708 sive
1396 1645 1482 1710 bona

574 1753 639 1819 sive
663 1751 747 1818 mala
769 1753 836 1819 sine
859 1751 1004 1817 examine
1027 1751 1211 1817 meritorum

361 1864 592 1928 fortunatus
614 1860 689 1926 felix
712 1864 822 1927 beatus
845 1859 1011 1927 abundans

362 1966 467 2035 fctus
491 1971 681 2034 lamentatus
704 1967 877 2035 calefactus

362 2075 512 2166 fratria
533 2076 643 2143 fratris
667 2098 747 2142 uxor

363 2183 549 2250 fratuelis
572 2189 742 2252 matertere
764 2180 848 2249 filius

364 2290 380 2356 f
387 2296 496 2358 retus
518 2289 634 2357 fidncia
655 2290 766 2374 plenus

362 2398 538 2465 fabriccr
562 2397 676 2481 (Foebi
699 2395 833 2479 sorori)
857 2393 931 2461 luna

368 2503 516 2571 fribola
538 2505 640 2570 inanis
663 2524 744 2571 vana
767 2524 867 2570 vacua
890 2501 938 2569 vel
962 2502 1079 2567 misera

363 2611 575 2695 frugalitas
598 2611 813 2696 temperancia
837 2609 1033 2677 abstinencia

363 2721 493 2804 fruges
515 2718 616 2787 fecisti
638 2719 718 2787 bene
741 2720 843 2786 fecisti

363 2824 469 2907 frugi
492 2830 687 2911 temperatus
710 2827 853 2893 modeste
874 2830 1049 2909 temperate

362 2931 461 2999 fruit
488 2936 602 3001 fruitur
625 2934 724 3001 utitur

363 3040 510 3108 frumen
534 3062 755 3125 summepere
778 3040 915 3124 gutturis
939 3061 1000 3124 qua
1022 3036 1156 3105 fruimur
1180 3034 1259 3103 cibis

363 3148 535 3215 fucatum
557 3152 688 3215 tinctum
718 3149 893 3214 coloratum

364 3255 495 3323 fulcra
516 3255 633 3330 ,cubilia
657 3257 728 3322 lecti
752 3262 807 3322 aut
831 3260 1014 3324 ornamenta
1037 3254 1212 3324 lectorum.

362 3361 515 3430 funalia
538 3363 727 3432 candelabra

365 3471 491 3538 fructu
515 3477 562 3538 cst
585 3472 716 3556 prodest
737 3470 881 3537 remedio
912 3476 961 3536 cst
982 3468 1058 3535 boni
1081 3473 1128 3535 esc

365 3577 540 3644 fulmina
562 3578 686 3663 fulgura
710 3600 748 3645 ex
771 3584 867 3644 vento
891 3582 923 3643 et
945 3575 1103 3660 ignificata

364 3687 487 3753 functi
510 3685 550 3753 ab
574 3707 612 3752 eo
636 3686 721 3771 quod
744 3688 914 3768 fungantur
937 3682 1041 3753 officio

365 3794 552 3861 funereas
576 3794 755 3863 mortiferas
810 3833 812 3837 ·

365 3902 479 3968 funus
503 3903 615 3969 mortis
638 3906 810 3986 apparatus

364 4007 597 4076 furibundus
620 4008 712 4076 valde
734 4012 835 4075 natus

365 4115 541 4194 furiosus
563 4117 620 4203 qui
641 4115 782 4185 ferarum
807 4117 872 4183 ritu
894 4113 995 4182 fertur

366 4224 478 4295 fusim
500 4225 620 4310 passim
986 4239 989 4244 ·

638 4955 1090 5319 Al
